2370 4334
343 215 464 295 nasu.
487 214 593 278 ems·
617 212 689 280 eu.
703 224 753 284 ιι.
981 231 1045 291 ιιι

125 386 177 453 D·
195 385 247 451 ari
265 385 349 453 llus
368 385 423 451 alii
442 385 517 472 alia3
538 386 656 452 anteri
676 386 803 470 similis,
823 389 1047 478 nigmeolora.

42 498 47 513 ¹
126 491 204 564 Yao
217 500 319 557 textus
342 490 503 558 tartaricus
522 490 745 582 interpretatur
765 493 864 560 Hera
884 493 1045 581 tortarium

55 594 156 660 latine
175 605 280 660 autem
301 619 363 660 aera
382 595 447 660 sive
466 593 588 659 lolium.
620 597 695 660 Sina
715 597 855 686 quolibet
867 622 950 663 anuo
970 600 1046 666 dues

55 699 153 765 lubet
173 721 301 780 messes,
323 723 418 763 unam
438 699 595 780 aestivmn,
616 698 746 764 alsera-
762 702 983 770 autumnalem.
1009 701 1046 769 lu

57 815 169 894 quarta
189 801 316 892 stropha
335 826 401 867 non
420 801 458 868 fit
476 803 595 867 mentio
615 803 677 867 nisi
696 805 733 868 de
754 805 938 872 autumnali

124 909 180 973 llo
203 917 248 971 est
269 905 384 996 species
404 906 506 996 vulpis
527 907 659 971 maxime
680 907 881 975 somnolenta.

122 1012 173 1079 De
192 1010 356 1077 venatione
376 1009 411 1074 in
432 1035 493 1102 qua
513 1009 734 1145 exercebantur
754 1010 868 1079 milites
885 1015 945 1080 vid.
957 1026 1045 1082 notu

56 1116 137 1181 ins
163 1139 191 1181 1.
216 1139 244 1200 7.

122 1220 180 1285 Yu
208 1218 346 1300 fluctuas,
377 1218 494 1308 species
520 1219 638 1303 cerasi,
670 1243 781 1310 sapore
809 1221 906 1288 acido
955 1223 1046 1290 Tou

57 1323 158 1391 rubro
176 1321 300 1402 colore,
322 1321 405 1387 dulci
427 1334 533 1412 διιιῑιι.
565 1371 568 1377 ·
598 1366 614 1397 ,-

122 1425 216 1492 ιιι
243 1422 365 1489 anai
390 1438 502 1516 aput,
534 1427 585 1491 cui
612 1428 721 1495 canu
753 1440 799 1494 ea
826 1429 1043 1522 sue-ung,
1155 1466 1158 1471 -

56 1531 134 1597 dicit
153 1529 188 1594 in
208 1550 296 1594 more
316 1527 426 1608 fuisse,
446 1541 484 1594 ut
504 1531 606 1595 medio
626 1554 700 1598 vere
721 1557 793 1597 cum
812 1532 912 1623 glaeie
931 1534 982 1598 uti
997 1534 1043 1601 in·

58 1635 214 1724 ciperent,
235 1644 311 1698 tunc
333 1631 368 1696 in
389 1631 461 1697 aula
480 1634 636 1720 majorum
655 1634 745 1701 fieret
765 1637 840 1725 agni
862 1635 986 1702 oblatio.

122 1736 227 1803 lliou
256 1735 356 1826 vulgo
383 1735 506 1802 lliou·
513 1746 589 1802 test
616 1737 725 1804 similis
751 1752 797 1806 est
823 1739 970 1806 alliorum
991 1752 1046 1807 aut

57 1864 134 1930 eope
150 1830 251 1921 foliis,
280 1838 426 1904 alliorum
446 1852 492 1905 est
512 1864 637 1931 sapora,
666 1854 698 1908 et
722 1868 740 1908 a
760 1842 841 1908 Sinis
863 1867 936 1908 eum
956 1843 1043 1909 oriza

57 1943 239 2038 comeditur.
272 1941 392 2007 Crescit
413 1943 450 2007 ad
470 1944 564 2007 unius
583 1944 671 2031 pedis
692 1938 901 2049 altitudinem,
923 1946 1044 2038 colligi-

57 2061 113 2116 tur
132 2032 308 2187 epirotica
298 2047 408 2130 modo,
430 2045 473 2110 ita
491 2057 529 2111 us
549 2058 667 2112 mseota
687 2059 907 2112 recrescat·

462 2180 565 2250 Ode
609 2207 638 2250 ι

123 2307 219 2393 Cum,
232 2298 379 2403 princeps
403 2329 443 2371 ex
474 2304 590 2370 familia
616 2305 715 2398 Regia
740 2331 861 2396 nupera
889 2306 1009 2374 Chen
1019 2334 1043 2399 g

49 2423 210 2503 'superstes
226 2411 265 2475 als
280 2411 465 2503 imperatore
483 2408 694 2501 Ououang
706 2409 909 2500 inRegulum
927 2409 1043 2475 electus

55 2528 89 2583 et
114 2514 309 2605 imperatoris
338 2516 475 2605 ejusdem
493 2512 604 2611 fraces
632 2513 712 2596 duo,
752 2512 939 2604 imperatore
967 2510 1044 2580 On·

55 2645 184 2713 ouang
208 2630 350 2700 mortuo,
371 2642 472 2710 puero
492 2618 682 2708 imperante,
710 2617 921 2705 conspirantes
945 2615 1043 2681 rebel-

55 2722 222 2808 lavissent3
254 2719 388 2814 mireque
419 2722 453 2788 in
485 2719 670 2789 debellandis
698 2718 869 2821 ‘rebellibus'
896 2718 1043 2810 princepe

53 2822 352 2917 Tch'eoudsong
371 2836 432 2890 tres
453 2848 549 2890 minos
569 2826 779 2905 consumeret,
814 2822 933 2889 interea
952 2821 1042 2888 luere

54 2931 113 3023 qui
125 2928 301 3023 principem
314 2930 395 3019 apud
404 2930 549 3017 juvenem
561 2926 781 3018 imperatorem
790 2927 825 2992 in
835 2927 1041 3018 nupicionem

54 3046 202 3103 vocarent
209 3062 220 3121 3
242 3033 285 3098 sic
299 3033 597 3121 Tch'eotudrong
612 3029 670 3096 hac
685 3032 742 3096 ode
759 3031 825 3096 aris
845 3031 950 3121 pullos
967 3052 1040 3094 suos

54 3139 165 3205 alentis
190 3149 221 3205 et
244 3135 337 3225 pullis
364 3136 482 3202 amusis
507 3147 623 3202 sortem
643 3159 731 3201 suam
754 3135 886 3200 dolentis
909 3132 1039 3199 nomine

53 3243 209 3311 innuitur.
258 3243 343 3308 llaec
368 3240 434 3332 ipse
459 3239 584 3330 scripsit
606 3239 744 3305 carmina
768 3239 930 3330 princeps,
958 3258 1039 3325 quae

53 3346 237 3439 imperatori
255 3346 411 3411 offerenda
426 3345 556 3411 ‘claravit
576 3345 627 3410 De
644 3347 681 3409 ao
694 3343 775 3407 liber
791 3337 1037 3428 chon-king.

119 3449 241 3534 Tohi,
270 3449 371 3517 lliao
391 3450 428 3515 de
446 3448 485 3514 iis
500 3448 608 3515 aribus
628 3447 727 3515 vidl.
748 3466 796 3511 rs.
815 3445 846 3510 6.
975 3497 978 3503 .

450 3586 560 3653 Ode
601 3589 632 3653 ὅ.

119 3711 290 3800 Imperator
318 3709 506 3801 suspiciones
539 3731 608 3775 suas
638 3716 747 3771 contra
772 3717 923 3796 patruum
945 3725 1038 3769 suum

55 3813 360 3902 Tcheou·lsong
382 3812 522 3903 deposuit
545 3821 637 3880 sento
656 3807 832 3878 vehementi
847 3807 910 3900 alui
931 3806 1038 3873 omnia

100 3938 248 4009 Cass-piso·
797 3913 836 3980 ¹8
