<?xml version="1.0" encoding="UTF-8"?>
<!DOCTYPE html PUBLIC "-//W3C//DTD XHTML 1.0 Transitional//EN"
    "http://www.w3.org/TR/xhtml1/DTD/xhtml1-transitional.dtd">
<html xmlns="http://www.w3.org/1999/xhtml" xml:lang="en" lang="en">
 <head>
  <title>
</title>
<meta http-equiv="Content-Type" content="text/html;charset=utf-8" />
  <meta name='ocr-system' content='tesseract 3.04.00' />
  <meta name='ocr-capabilities' content='ocr_page ocr_carea ocr_par ocr_line ocrx_word'/>
</head>
<body>
  <div class='ocr_page' id='page_1' title='image "./confuciichiking00confgoog_0206.png"; bbox 0 0 2370 4334; ppageno 0'>
   <div class='ocr_carea' id='block_1_1' title="bbox 129 172 752 302">
    <p class='ocr_par' dir='ltr' id='par_1_1' title="bbox 129 172 752 302">
     <span class='ocr_line' id='line_1_1' title="bbox 129 172 752 302; baseline -0.019 -15"><span class='ocrx_word' id='word_1_1' title='bbox 129 227 190 302; x_wconf 70' lang='lat' dir='ltr'>ess</span> <span class='ocrx_word' id='word_1_2' title='bbox 461 212 606 280; x_wconf 57' lang='grc' dir='ltr'>ΡΜ,</span> <span class='ocrx_word' id='word_1_3' title='bbox 628 172 699 278; x_wconf 67' lang='lat' dir='ltr'>en.</span> <span class='ocrx_word' id='word_1_4' title='bbox 717 186 752 281; x_wconf 57' lang='lat' dir='ltr'>s}</span> 
     </span>
    </p>
   </div>
   <div class='ocr_carea' id='block_1_2' title="bbox 130 384 1174 586">
    <p class='ocr_par' dir='ltr' id='par_1_2' title="bbox 130 384 1174 586">
     <span class='ocr_line' id='line_1_2' title="bbox 132 384 1174 476; baseline -0.006 -20"><span class='ocrx_word' id='word_1_5' title='bbox 132 388 288 456; x_wconf 78' lang='lat' dir='ltr'>contineri</span> <span class='ocrx_word' id='word_1_6' title='bbox 306 398 416 476; x_wconf 82' lang='lat' dir='ltr'>potest</span> <span class='ocrx_word' id='word_1_7' title='bbox 461 387 616 459; x_wconf 80' lang='lat' dir='ltr'>Quintum</span> <span class='ocrx_word' id='word_1_8' title='bbox 636 386 718 452; x_wconf 90' lang='lat' dir='ltr'>diem</span> <span class='ocrx_word' id='word_1_9' title='bbox 744 386 929 450; x_wconf 79' lang='lat' dir='ltr'><strong>condixerat.</strong></span> <span class='ocrx_word' id='word_1_10' title='bbox 967 384 1028 468; x_wconf 66' lang='lat' dir='ltr'>Sex</span> <span class='ocrx_word' id='word_1_11' title='bbox 1054 386 1120 450; x_wconf 81' lang='lat' dir='ltr'>dies</span> <span class='ocrx_word' id='word_1_12' title='bbox 1170 392 1174 401; x_wconf 85' lang='grc'><em>’</em></span> 
     </span>
     <span class='ocr_line' id='line_1_3' title="bbox 130 488 842 586; baseline -0.011 -26"><span class='ocrx_word' id='word_1_13' title='bbox 130 493 335 586; x_wconf 85' lang='lat' dir='ltr'>praeteriere,</span> <span class='ocrx_word' id='word_1_14' title='bbox 358 513 458 580; x_wconf 85' lang='lat' dir='ltr'>neque</span> <span class='ocrx_word' id='word_1_15' title='bbox 476 492 542 578; x_wconf 85' lang='lat' dir='ltr'>ejus</span> <span class='ocrx_word' id='word_1_16' title='bbox 560 501 729 578; x_wconf 85' lang='lat' dir='ltr'>conspectu</span> <span class='ocrx_word' id='word_1_17' title='bbox 743 488 842 569; x_wconf 81' lang='lat' dir='ltr'>fruor.</span> 
     </span>
    </p>
   </div>
   <div class='ocr_carea' id='block_1_3' title="bbox 547 611 704 624">
    <p class='ocr_par' dir='ltr' id='par_1_3' title="bbox 547 611 704 624">
     <span class='ocr_line' id='line_1_4' title="bbox 547 611 704 624; baseline -0.006 -1"><span class='ocrx_word' id='word_1_18' title='bbox 547 611 704 624; x_wconf 51' lang='lat'>*-</span> 
     </span>
    </p>
   </div>
   <div class='ocr_carea' id='block_1_4' title="bbox 133 660 1125 860">
    <p class='ocr_par' dir='ltr' id='par_1_4' title="bbox 133 660 1125 860">
     <span class='ocr_line' id='line_1_5' title="bbox 195 660 1125 745; baseline -0.004 -15"><span class='ocrx_word' id='word_1_19' title='bbox 195 665 230 730; x_wconf 83' lang='lat' dir='ltr'>Si</span> <span class='ocrx_word' id='word_1_20' title='bbox 251 662 305 728; x_wconf 92' lang='lat' dir='ltr'>ille</span> <span class='ocrx_word' id='word_1_21' title='bbox 324 674 469 728; x_wconf 84' lang='lat' dir='ltr'>venatum</span> <span class='ocrx_word' id='word_1_22' title='bbox 490 675 555 745; x_wconf 86' lang='lat' dir='ltr'>eat,</span> <span class='ocrx_word' id='word_1_23' title='bbox 578 688 687 728; x_wconf 89' lang='lat' dir='ltr'>arcum</span> <span class='ocrx_word' id='word_1_24' title='bbox 708 662 742 725; x_wconf 90' lang='lat' dir='ltr'>in</span> <span class='ocrx_word' id='word_1_25' title='bbox 766 685 821 725; x_wconf 89' lang='lat' dir='ltr'>suo</span> <span class='ocrx_word' id='word_1_26' title='bbox 845 660 1013 727; x_wconf 76' lang='lat' dir='ltr'>involucro</span> <span class='ocrx_word' id='word_1_27' title='bbox 1038 686 1125 726; x_wconf 91' lang='lat' dir='ltr'>com·</span> 
     </span>
     <span class='ocr_line' id='line_1_6' title="bbox 133 764 1123 860; baseline -0.002 -26"><span class='ocrx_word' id='word_1_28' title='bbox 133 792 256 860; x_wconf 86' lang='lat' dir='ltr'>ponam.</span> <span class='ocrx_word' id='word_1_29' title='bbox 300 766 335 832; x_wconf 91' lang='lat' dir='ltr'>Si</span> <span class='ocrx_word' id='word_1_30' title='bbox 356 767 510 858; x_wconf 78' lang='lat' dir='ltr'><strong>piscatum</strong></span> <span class='ocrx_word' id='word_1_31' title='bbox 527 779 596 858; x_wconf 45' lang='lat' dir='ltr'>eat,s</span> <span class='ocrx_word' id='word_1_32' title='bbox 614 768 728 833; x_wconf 72' lang='lat' dir='ltr'>lineam</span> <span class='ocrx_word' id='word_1_33' title='bbox 742 764 940 857; x_wconf 86' lang='lat' dir='ltr'>piscatoriam</span> <span class='ocrx_word' id='word_1_34' title='bbox 954 767 1123 855; x_wconf 76' lang='lat' dir='ltr'>ddorn&#39;abo.</span> 
     </span>
    </p>
   </div>
   <div class='ocr_carea' id='block_1_5' title="bbox 68 926 1131 1690">
    <p class='ocr_par' dir='ltr' id='par_1_5' title="bbox 133 926 1130 1239">
     <span class='ocr_line' id='line_1_7' title="bbox 197 926 1126 1032; baseline -0.005 -24"><span class='ocrx_word' id='word_1_35' title='bbox 197 942 283 1014; x_wconf 80' lang='lat' dir='ltr'>Quos</span> <span class='ocrx_word' id='word_1_36' title='bbox 308 943 431 1007; x_wconf 87' lang='lat' dir='ltr'>tandem</span> <span class='ocrx_word' id='word_1_37' title='bbox 457 941 605 1032; x_wconf 90' lang='lat' dir='ltr'>piscando</span> <span class='ocrx_word' id='word_1_38' title='bbox 627 941 727 1029; x_wconf 88' lang='lat' dir='ltr'>pisces</span> <span class='ocrx_word' id='word_1_39' title='bbox 748 935 976 1027; x_wconf 72' lang='lat' dir='ltr'>apprehendit?</span> <span class='ocrx_word' id='word_1_40' title='bbox 1022 926 1126 1003; x_wconf 85' lang='lat' dir='ltr'>Pisces</span> 
     </span>
     <span class='ocr_line' id='line_1_8' title="bbox 133 1042 1130 1136; baseline -0.007 -24"><span class='ocrx_word' id='word_1_41' title='bbox 133 1045 335 1136; x_wconf 82' lang='lat' dir='ltr'>&#39;sliosFang</span> <span class='ocrx_word' id='word_1_42' title='bbox 349 1044 426 1113; x_wconf 86' lang='lat' dir='ltr'>alios</span> <span class='ocrx_word' id='word_1_43' title='bbox 442 1045 515 1110; x_wconf 88' lang='lat' dir='ltr'>Siu</span> <span class='ocrx_word' id='word_1_44' title='bbox 531 1045 647 1131; x_wconf 78' lang='lat' dir='ltr'>¹dictos3</span> <span class='ocrx_word' id='word_1_45' title='bbox 668 1044 768 1133; x_wconf 88' lang='lat' dir='ltr'>pisces</span> <span class='ocrx_word' id='word_1_46' title='bbox 783 1044 908 1132; x_wconf 83' lang='lat' dir='ltr'>Fang;</span> <span class='ocrx_word' id='word_1_47' title='bbox 926 1042 1130 1133; x_wconf 82' lang='lat' dir='ltr'>piscesSiu;</span> 
     </span>
     <span class='ocr_line' id='line_1_9' title="bbox 133 1151 1088 1239; baseline -0.004 -25"><span class='ocrx_word' id='word_1_48' title='bbox 133 1174 212 1239; x_wconf 87' lang='lat' dir='ltr'>quos</span> <span class='ocrx_word' id='word_1_49' title='bbox 232 1173 360 1215; x_wconf 87' lang='lat' dir='ltr'>cernere</span> <span class='ocrx_word' id='word_1_50' title='bbox 380 1151 475 1238; x_wconf 79' lang='lat' dir='ltr'>juvat.</span> <span class='ocrx_word' id='word_1_51' title='bbox 1084 1155 1088 1166; x_wconf 90' lang='lat'>&#39;</span> 
     </span>
    </p>

    <p class='ocr_par' dir='ltr' id='par_1_6' title="bbox 538 1234 722 1301">
     <span class='ocr_line' id='line_1_10' title="bbox 538 1234 722 1301; baseline -0.022 -2"><span class='ocrx_word' id='word_1_52' title='bbox 538 1234 649 1300; x_wconf 88' lang='lat' dir='ltr'>Ode</span> <span class='ocrx_word' id='word_1_53' title='bbox 675 1246 722 1301; x_wconf 79' lang='lat'>‘3.</span> 
     </span>
    </p>

    <p class='ocr_par' dir='ltr' id='par_1_7' title="bbox 198 1333 1129 1458">
     <span class='ocr_line' id='line_1_11' title="bbox 198 1333 1129 1458; baseline -0.002 -27"><span class='ocrx_word' id='word_1_54' title='bbox 198 1333 352 1458; x_wconf 54' lang='lat' dir='ltr'>Fmigum&#39;</span> <span class='ocrx_word' id='word_1_55' title='bbox 370 1364 497 1431; x_wconf 88' lang='lat' dir='ltr'>Chou</span> <span class='ocrx_word' id='word_1_56' title='bbox 529 1364 632 1454; x_wconf 90' lang='lat' dir='ltr'>prima</span> <span class='ocrx_word' id='word_1_57' title='bbox 663 1352 806 1455; x_wconf 71' lang='lat' dir='ltr'>germina</span> <span class='ocrx_word' id='word_1_58' title='bbox 832 1389 924 1453; x_wconf 82' lang='lat' dir='ltr'>quam</span> <span class='ocrx_word' id='word_1_59' title='bbox 951 1364 1129 1446; x_wconf 79' lang='lat' dir='ltr'>luxuriant,</span> 
     </span>
    </p>

    <p class='ocr_par' dir='ltr' id='par_1_8' title="bbox 68 1467 1131 1690">
     <span class='ocr_line' id='line_1_12' title="bbox 134 1467 1131 1559; baseline -0.002 -24"><span class='ocrx_word' id='word_1_60' title='bbox 134 1470 234 1535; x_wconf 82' lang='lat' dir='ltr'>imbre</span> <span class='ocrx_word' id='word_1_61' title='bbox 260 1471 441 1559; x_wconf 76' lang='lat' dir='ltr'>opimantur</span> <span class='ocrx_word' id='word_1_62' title='bbox 461 1468 524 1532; x_wconf 87' lang='lat' dir='ltr'>ilia.</span> <span class='ocrx_word' id='word_1_63' title='bbox 568 1467 681 1557; x_wconf 78' lang='lat' dir='ltr'>Longe</span> <span class='ocrx_word' id='word_1_64' title='bbox 703 1468 779 1530; x_wconf 88' lang='lat' dir='ltr'>abeo</span> <span class='ocrx_word' id='word_1_65' title='bbox 801 1492 907 1534; x_wconf 82' lang='lat' dir='ltr'>versus</span> <span class='ocrx_word' id='word_1_66' title='bbox 930 1481 1073 1533; x_wconf 87' lang='lat' dir='ltr'>austrum</span> <span class='ocrx_word' id='word_1_67' title='bbox 1099 1481 1131 1533; x_wconf 90' lang='lat' dir='ltr'>et</span> 
     </span>
     <span class='ocr_line' id='line_1_13' title="bbox 68 1571 872 1690; baseline -0.005 -51"><span class='ocrx_word' id='word_1_68' title='bbox 68 1595 70 1599; x_wconf 78' lang='grc'>’</span> <span class='ocrx_word' id='word_1_69' title='bbox 138 1574 286 1690; x_wconf 86' lang='lat' dir='ltr'>princeps</span> <span class='ocrx_word' id='word_1_70' title='bbox 308 1573 488 1664; x_wconf 88' lang='lat' dir='ltr'>Chao-pe</span> <span class='ocrx_word' id='word_1_71' title='bbox 505 1597 590 1637; x_wconf 90' lang='lat' dir='ltr'>meos</span> <span class='ocrx_word' id='word_1_72' title='bbox 608 1571 726 1637; x_wconf 85' lang='lat' dir='ltr'>solatur</span> <span class='ocrx_word' id='word_1_73' title='bbox 743 1571 872 1637; x_wconf 85' lang='lat' dir='ltr'>labores.</span> 
     </span>
    </p>
   </div>
   <div class='ocr_carea' id='block_1_6' title="bbox 136 1771 1132 2046">
    <p class='ocr_par' dir='ltr' id='par_1_9' title="bbox 136 1771 1132 2046">
     <span class='ocr_line' id='line_1_14' title="bbox 196 1771 1131 1864; baseline 0 -27"><span class='ocrx_word' id='word_1_74' title='bbox 196 1773 326 1860; x_wconf 81' lang='lat' dir='ltr'>¹Bajulos</span> <span class='ocrx_word' id='word_1_75' title='bbox 343 1771 482 1860; x_wconf 76' lang='lat' dir='ltr'>egimus,</span> <span class='ocrx_word' id='word_1_76' title='bbox 507 1794 620 1852; x_wconf 89' lang='lat' dir='ltr'>currus</span> <span class='ocrx_word' id='word_1_77' title='bbox 638 1771 801 1851; x_wconf 70' lang='lat' dir='ltr'>maximus,</span> <span class='ocrx_word' id='word_1_78' title='bbox 823 1773 919 1837; x_wconf 90' lang='lat' dir='ltr'>boum</span> <span class='ocrx_word' id='word_1_79' title='bbox 938 1797 1048 1839; x_wconf 78' lang='lat' dir='ltr'>curum</span> <span class='ocrx_word' id='word_1_80' title='bbox 1059 1797 1131 1864; x_wconf 79' lang='lat' dir='ltr'>ges-</span> 
     </span>
     <span class='ocr_line' id='line_1_15' title="bbox 136 1866 1132 1975; baseline 0.001 -34"><span class='ocrx_word' id='word_1_81' title='bbox 136 1877 250 1958; x_wconf 81' lang='lat' dir='ltr'>simus,</span> <span class='ocrx_word' id='word_1_82' title='bbox 272 1866 549 1967; x_wconf 82' lang='lat' dir='ltr'>quihus&#39;omnibus</span> <span class='ocrx_word' id='word_1_83' title='bbox 560 1922 570 1956; x_wconf 87' lang='lat'><strong><em>,</em></strong></span> <span class='ocrx_word' id='word_1_84' title='bbox 594 1898 665 1938; x_wconf 90' lang='lat' dir='ltr'>cum</span> <span class='ocrx_word' id='word_1_85' title='bbox 688 1877 751 1963; x_wconf 86' lang='lat' dir='ltr'>jani</span> <span class='ocrx_word' id='word_1_86' title='bbox 770 1874 907 1940; x_wconf 74' lang='lat' dir='ltr'>defuncti</span> <span class='ocrx_word' id='word_1_87' title='bbox 922 1877 1044 1975; x_wconf 76' lang='lat' dir='ltr'>simias,</span> <span class='ocrx_word' id='word_1_88' title='bbox 1069 1877 1132 1943; x_wconf 90' lang='lat' dir='ltr'>erit</span> 
     </span>
     <span class='ocr_line' id='line_1_16' title="bbox 139 1970 1098 2046; baseline 0.001 -2"><span class='ocrx_word' id='word_1_89' title='bbox 139 1981 269 2046; x_wconf 78' lang='lat' dir='ltr'>sortasse</span> <span class='ocrx_word' id='word_1_90' title='bbox 286 1991 322 2044; x_wconf 90' lang='lat' dir='ltr'>ut</span> <span class='ocrx_word' id='word_1_91' title='bbox 338 1980 506 2045; x_wconf 73' lang='lat' dir='ltr'>redeuntis.</span> <span class='ocrx_word' id='word_1_92' title='bbox 595 1974 607 2044; x_wconf 53' lang='grc'>.’</span> <span class='ocrx_word' id='word_1_93' title='bbox 910 1992 912 1997; x_wconf 85' lang='grc'><strong>’</strong></span> <span class='ocrx_word' id='word_1_94' title='bbox 1092 1970 1098 1985; x_wconf 71' lang='grc'>’</span> 
     </span>
    </p>
   </div>
   <div class='ocr_carea' id='block_1_7' title="bbox 550 2095 706 2113">
    <p class='ocr_par' dir='ltr' id='par_1_10' title="bbox 550 2095 706 2113">
     <span class='ocr_line' id='line_1_17' title="bbox 550 2095 706 2113; baseline -0.013 0"><span class='ocrx_word' id='word_1_95' title='bbox 550 2095 706 2113; x_wconf 49' lang='lat' dir='ltr'>m—</span> 
     </span>
    </p>
   </div>
   <div class='ocr_carea' id='block_1_8' title="bbox 72 2152 1135 2554">
    <p class='ocr_par' dir='ltr' id='par_1_11' title="bbox 123 2152 1135 2449">
     <span class='ocr_line' id='line_1_18' title="bbox 147 2152 1133 2243; baseline 0.001 -25"><span class='ocrx_word' id='word_1_96' title='bbox 147 2187 161 2215; x_wconf 47' lang='grc'>’.</span> <span class='ocrx_word' id='word_1_97' title='bbox 200 2152 364 2242; x_wconf 72' lang='lat' dir='ltr'>Quidquid</span> <span class='ocrx_word' id='word_1_98' title='bbox 385 2152 522 2242; x_wconf 78' lang='lat' dir='ltr'>pertinet</span> <span class='ocrx_word' id='word_1_99' title='bbox 544 2154 581 2216; x_wconf 88' lang='lat' dir='ltr'>ad</span> <span class='ocrx_word' id='word_1_100' title='bbox 606 2153 722 2242; x_wconf 77' lang='lat' dir='ltr'>pedites</span> <span class='ocrx_word' id='word_1_101' title='bbox 745 2166 797 2219; x_wconf 84' lang='lat' dir='ltr'>out</span> <span class='ocrx_word' id='word_1_102' title='bbox 823 2159 873 2218; x_wconf 83' lang='lat' dir='ltr'>eos</span> <span class='ocrx_word' id='word_1_103' title='bbox 899 2154 955 2243; x_wconf 85' lang='lat' dir='ltr'>qui</span> <span class='ocrx_word' id='word_1_104' title='bbox 982 2154 1133 2220; x_wconf 85' lang='lat' dir='ltr'>curribus</span> 
     </span>
     <span class='ocr_line' id='line_1_19' title="bbox 138 2254 1135 2346; baseline -0.001 -24"><span class='ocrx_word' id='word_1_105' title='bbox 138 2257 311 2337; x_wconf 79' lang='lat' dir='ltr'>rehtmtur,</span> <span class='ocrx_word' id='word_1_106' title='bbox 334 2258 373 2321; x_wconf 89' lang='lat' dir='ltr'>ad</span> <span class='ocrx_word' id='word_1_107' title='bbox 390 2254 557 2320; x_wconf 88' lang='lat' dir='ltr'>hominum</span> <span class='ocrx_word' id='word_1_108' title='bbox 575 2266 692 2320; x_wconf 82' lang='lat' dir='ltr'>turmas</span> <span class='ocrx_word' id='word_1_109' title='bbox 709 2271 828 2322; x_wconf 85' lang='lat' dir='ltr'>nostras</span> <span class='ocrx_word' id='word_1_110' title='bbox 843 2257 907 2322; x_wconf 78' lang='lat' dir='ltr'>sire</span> <span class='ocrx_word' id='word_1_111' title='bbox 924 2256 1028 2339; x_wconf 76' lang='lat' dir='ltr'>illam,</span> <span class='ocrx_word' id='word_1_112' title='bbox 1050 2281 1135 2346; x_wconf 66' lang='lat' dir='ltr'>quiae</span> 
     </span>
     <span class='ocr_line' id='line_1_20' title="bbox 123 2357 1134 2449; baseline -0.001 -23"><span class='ocrx_word' id='word_1_113' title='bbox 123 2357 228 2445; x_wconf 73' lang='lat' dir='ltr'>¹Chi,</span> <span class='ocrx_word' id='word_1_114' title='bbox 251 2359 315 2425; x_wconf 81' lang='lat' dir='ltr'>sive</span> <span class='ocrx_word' id='word_1_115' title='bbox 336 2383 422 2440; x_wconf 85' lang='lat' dir='ltr'>eam,</span> <span class='ocrx_word' id='word_1_116' title='bbox 444 2383 523 2449; x_wconf 84' lang='lat' dir='ltr'>quae</span> <span class='ocrx_word' id='word_1_117' title='bbox 539 2359 620 2424; x_wconf 90' lang='lat' dir='ltr'>Liu</span> <span class='ocrx_word' id='word_1_118' title='bbox 639 2361 772 2441; x_wconf 87' lang='lat' dir='ltr'>dicitur,</span> <span class='ocrx_word' id='word_1_119' title='bbox 795 2361 874 2426; x_wconf 91' lang='lat' dir='ltr'>illud</span> <span class='ocrx_word' id='word_1_120' title='bbox 893 2384 985 2424; x_wconf 88' lang='lat' dir='ltr'>omno</span> <span class='ocrx_word' id='word_1_121' title='bbox 1010 2360 1134 2449; x_wconf 84' lang='lat' dir='ltr'>persec-</span> 
     </span>
    </p>

    <p class='ocr_par' dir='ltr' id='par_1_12' title="bbox 72 2446 1086 2554">
     <span class='ocr_line' id='line_1_21' title="bbox 72 2446 1086 2554; baseline 0 -26"><span class='ocrx_word' id='word_1_122' title='bbox 72 2476 85 2501; x_wconf 88' lang='lat'>&#39;·</span> <span class='ocrx_word' id='word_1_123' title='bbox 131 2446 206 2528; x_wconf 68' lang='lat' dir='ltr'>“stum</span> <span class='ocrx_word' id='word_1_124' title='bbox 228 2474 282 2527; x_wconf 81' lang='lat' dir='ltr'>ost</span> <span class='ocrx_word' id='word_1_125' title='bbox 328 2463 380 2527; x_wconf 88' lang='lat' dir='ltr'>Sic</span> <span class='ocrx_word' id='word_1_126' title='bbox 396 2475 492 2527; x_wconf 87' lang='lat' dir='ltr'>restat</span> <span class='ocrx_word' id='word_1_127' title='bbox 498 2509 510 2542; x_wconf 84' lang='lat'><strong><em>,</em></strong></span> <span class='ocrx_word' id='word_1_128' title='bbox 532 2475 568 2526; x_wconf 91' lang='lat' dir='ltr'>ut</span> <span class='ocrx_word' id='word_1_129' title='bbox 588 2465 626 2527; x_wconf 93' lang='lat' dir='ltr'>ad</span> <span class='ocrx_word' id='word_1_130' title='bbox 642 2465 772 2554; x_wconf 77' lang='lat' dir='ltr'>propria</span> <span class='ocrx_word' id='word_1_131' title='bbox 789 2467 958 2529; x_wconf 74' lang='lat' dir='ltr'>redeamus.</span> <span class='ocrx_word' id='word_1_132' title='bbox 999 2502 1003 2511; x_wconf 88' lang='lat'><strong>·</strong></span> <span class='ocrx_word' id='word_1_133' title='bbox 1082 2456 1086 2461; x_wconf 49' lang='grc'><strong>’</strong></span> 
     </span>
    </p>
   </div>
   <div class='ocr_carea' id='block_1_9' title="bbox 28 2631 1139 3894">
    <p class='ocr_par' dir='ltr' id='par_1_13' title="bbox 138 2631 1135 3037">
     <span class='ocr_line' id='line_1_22' title="bbox 203 2631 1134 2726; baseline 0.003 -28"><span class='ocrx_word' id='word_1_134' title='bbox 203 2633 292 2723; x_wconf 89' lang='lat' dir='ltr'>Opus</span> <span class='ocrx_word' id='word_1_135' title='bbox 307 2632 386 2697; x_wconf 91' lang='lat' dir='ltr'>illud</span> <span class='ocrx_word' id='word_1_136' title='bbox 405 2632 440 2696; x_wconf 92' lang='lat' dir='ltr'>in</span> <span class='ocrx_word' id='word_1_137' title='bbox 454 2631 585 2722; x_wconf 79' lang='lat' dir='ltr'>regione</span> <span class='ocrx_word' id='word_1_138' title='bbox 602 2633 667 2700; x_wconf 88' lang='lat' dir='ltr'>Sie</span> <span class='ocrx_word' id='word_1_139' title='bbox 684 2637 772 2723; x_wconf 89' lang='lat' dir='ltr'>cujus</span> <span class='ocrx_word' id='word_1_140' title='bbox 787 2637 934 2725; x_wconf 88' lang='lat' dir='ltr'>princeps</span> <span class='ocrx_word' id='word_1_141' title='bbox 952 2635 1134 2726; x_wconf 78' lang='lat' dir='ltr'>Chao-,pe</span> 
     </span>
     <span class='ocr_line' id='line_1_23' title="bbox 138 2711 1134 2829; baseline 0.003 -28"><span class='ocrx_word' id='word_1_142' title='bbox 138 2711 250 2824; x_wconf 77' lang='lat' dir='ltr'>¹nirctor</span> <span class='ocrx_word' id='word_1_143' title='bbox 273 2736 335 2799; x_wconf 85' lang='lat' dir='ltr'>suit</span> <span class='ocrx_word' id='word_1_144' title='bbox 352 2747 384 2799; x_wconf 91' lang='lat' dir='ltr'>et</span> <span class='ocrx_word' id='word_1_145' title='bbox 398 2737 474 2817; x_wconf 82' lang='lat' dir='ltr'>dux,</span> <span class='ocrx_word' id='word_1_146' title='bbox 497 2736 644 2803; x_wconf 86' lang='lat' dir='ltr'>firmitate</span> <span class='ocrx_word' id='word_1_147' title='bbox 661 2762 716 2805; x_wconf 88' lang='lat' dir='ltr'>sua</span> <span class='ocrx_word' id='word_1_148' title='bbox 733 2741 872 2805; x_wconf 80' lang='lat' dir='ltr'>consistit</span> <span class='ocrx_word' id='word_1_149' title='bbox 888 2753 919 2805; x_wconf 92' lang='lat' dir='ltr'>et</span> <span class='ocrx_word' id='word_1_150' title='bbox 937 2739 1047 2819; x_wconf 84' lang='lat' dir='ltr'>ordine</span> <span class='ocrx_word' id='word_1_151' title='bbox 1068 2741 1134 2829; x_wconf 88' lang='lat' dir='ltr'>pla-</span> 
     </span>
     <span class='ocr_line' id='line_1_24' title="bbox 140 2837 1135 2929; baseline 0.009 -26"><span class='ocrx_word' id='word_1_152' title='bbox 140 2850 198 2929; x_wconf 69' lang='lat' dir='ltr'>cet</span> <span class='ocrx_word' id='word_1_153' title='bbox 222 2839 286 2909; x_wconf 78' lang='lat' dir='ltr'>Qui</span> <span class='ocrx_word' id='word_1_154' title='bbox 302 2838 387 2904; x_wconf 87' lang='lat' dir='ltr'>ducti</span> <span class='ocrx_word' id='word_1_155' title='bbox 404 2837 535 2903; x_wconf 90' lang='lat' dir='ltr'>suerunt</span> <span class='ocrx_word' id='word_1_156' title='bbox 550 2840 680 2924; x_wconf 77' lang='lat' dir='ltr'>milites,</span> <span class='ocrx_word' id='word_1_157' title='bbox 703 2841 798 2906; x_wconf 82' lang='lat' dir='ltr'>fortes</span> <span class='ocrx_word' id='word_1_158' title='bbox 814 2855 844 2907; x_wconf 89' lang='lat' dir='ltr'>et</span> <span class='ocrx_word' id='word_1_159' title='bbox 858 2845 985 2911; x_wconf 88' lang='lat' dir='ltr'>strenui.</span> <span class='ocrx_word' id='word_1_160' title='bbox 1010 2844 1135 2912; x_wconf 84' lang='lat' dir='ltr'>Chao·</span> 
     </span>
     <span class='ocr_line' id='line_1_25' title="bbox 139 2942 1045 3037; baseline 0.008 -32"><span class='ocrx_word' id='word_1_161' title='bbox 139 2965 186 3031; x_wconf 89' lang='lat' dir='ltr'>pe</span> <span class='ocrx_word' id='word_1_162' title='bbox 201 2942 354 3037; x_wconf 87' lang='lat' dir='ltr'>principis</span> <span class='ocrx_word' id='word_1_163' title='bbox 375 2966 517 3007; x_wconf 88' lang='lat' dir='ltr'>curares</span> <span class='ocrx_word' id='word_1_164' title='bbox 538 2955 602 3008; x_wconf 87' lang='lat' dir='ltr'>tota</span> <span class='ocrx_word' id='word_1_165' title='bbox 618 2944 755 3033; x_wconf 87' lang='lat' dir='ltr'>perfecta</span> <span class='ocrx_word' id='word_1_166' title='bbox 773 2958 826 3014; x_wconf 87' lang='lat' dir='ltr'>est.</span> <span class='ocrx_word' id='word_1_167' title='bbox 1042 2942 1045 2949; x_wconf 45' lang='lat'><strong>¹</strong></span> 
     </span>
    </p>

    <p class='ocr_par' dir='ltr' id='par_1_14' title="bbox 203 3138 1135 3236">
     <span class='ocr_line' id='line_1_26' title="bbox 203 3138 1135 3236; baseline 0.009 -30"><span class='ocrx_word' id='word_1_168' title='bbox 203 3142 320 3207; x_wconf 89' lang='lat' dir='ltr'>Terras</span> <span class='ocrx_word' id='word_1_169' title='bbox 339 3138 495 3232; x_wconf 76' lang='lat' dir='ltr'>depressis</span> <span class='ocrx_word' id='word_1_170' title='bbox 510 3157 736 3234; x_wconf 83' lang='lat' dir='ltr'>aequaverunt,</span> <span class='ocrx_word' id='word_1_171' title='bbox 758 3147 821 3233; x_wconf 87' lang='lat' dir='ltr'>jam</span> <span class='ocrx_word' id='word_1_172' title='bbox 842 3146 943 3212; x_wconf 83' lang='lat' dir='ltr'>fontes</span> <span class='ocrx_word' id='word_1_173' title='bbox 959 3172 1039 3236; x_wconf 84' lang='lat' dir='ltr'>aqua</span> <span class='ocrx_word' id='word_1_174' title='bbox 1063 3150 1135 3215; x_wconf 91' lang='lat' dir='ltr'>lim-</span> 
     </span>
    </p>

    <p class='ocr_par' dir='ltr' id='par_1_15' title="bbox 116 3244 1137 3445">
     <span class='ocr_line' id='line_1_27' title="bbox 116 3244 1137 3346; baseline 0.008 -35"><span class='ocrx_word' id='word_1_175' title='bbox 116 3245 212 3336; x_wconf 83' lang='lat' dir='ltr'>·pida</span> <span class='ocrx_word' id='word_1_176' title='bbox 233 3247 352 3327; x_wconf 89' lang='lat' dir='ltr'>fluunt,</span> <span class='ocrx_word' id='word_1_177' title='bbox 382 3246 475 3338; x_wconf 83' lang='lat' dir='ltr'>idque</span> <span class='ocrx_word' id='word_1_178' title='bbox 503 3247 597 3336; x_wconf 83' lang='lat' dir='ltr'>opera</span> <span class='ocrx_word' id='word_1_179' title='bbox 624 3248 777 3339; x_wconf 76' lang='lat' dir='ltr'>principis</span> <span class='ocrx_word' id='word_1_180' title='bbox 801 3244 996 3341; x_wconf 67' lang='lat' dir='ltr'>Chi&#39;o}pe3</span> <span class='ocrx_word' id='word_1_181' title='bbox 1028 3253 1137 3346; x_wconf 77' lang='lat' dir='ltr'>itaque</span> 
     </span>
     <span class='ocr_line' id='line_1_28' title="bbox 140 3348 1123 3441; baseline 0.007 -29"><span class='ocrx_word' id='word_1_182' title='bbox 140 3349 308 3441; x_wconf 88' lang='lat' dir='ltr'>imperator</span> <span class='ocrx_word' id='word_1_183' title='bbox 327 3351 392 3439; x_wconf 85' lang='lat' dir='ltr'>jam·</span> <span class='ocrx_word' id='word_1_184' title='bbox 407 3349 514 3439; x_wconf 77' lang='lat' dir='ltr'>quieto</span> <span class='ocrx_word' id='word_1_185' title='bbox 530 3362 577 3416; x_wconf 90' lang='lat' dir='ltr'>est</span> <span class='ocrx_word' id='word_1_186' title='bbox 594 3351 708 3418; x_wconf 90' lang='lat' dir='ltr'>animo.</span> <span class='ocrx_word' id='word_1_187' title='bbox 913 3364 927 3377; x_wconf 81' lang='lat'>&#39;&#39;</span> <span class='ocrx_word' id='word_1_188' title='bbox 954 3348 970 3375; x_wconf 74' lang='lat'>&#39;&#39;</span> <span class='ocrx_word' id='word_1_189' title='bbox 1095 3352 1123 3369; x_wconf 88' lang='grc'>”</span> 
     </span>
    </p>

    <p class='ocr_par' dir='ltr' id='par_1_16' title="bbox 45 3454 1139 3790">
     <span class='ocr_line' id='line_1_29' title="bbox 450 3454 971 3571; baseline 0.006 -35"><span class='ocrx_word' id='word_1_190' title='bbox 450 3560 454 3571; x_wconf 86' lang='lat'>.</span> <span class='ocrx_word' id='word_1_191' title='bbox 529 3454 732 3563; x_wconf 34' lang='lat' dir='ltr'>&#39;O&#39;d&#39;elilp</span> <span class='ocrx_word' id='word_1_192' title='bbox 770 3546 773 3550; x_wconf 16' lang='grc' dir='ltr'><strong>Δ</strong></span> <span class='ocrx_word' id='word_1_193' title='bbox 885 3465 896 3545; x_wconf 56' lang='grc'>’,</span> <span class='ocrx_word' id='word_1_194' title='bbox 963 3481 971 3501; x_wconf 66' lang='lat'>²</span> 
     </span>
     <span class='ocr_line' id='line_1_30' title="bbox 45 3558 1139 3693; baseline 0.011 -39"><span class='ocrx_word' id='word_1_195' title='bbox 45 3591 47 3595; x_wconf 76' lang='grc'><strong>’</strong></span> <span class='ocrx_word' id='word_1_196' title='bbox 92 3558 125 3640; x_wconf 63' lang='lat'>⁶?</span> <span class='ocrx_word' id='word_1_197' title='bbox 205 3592 239 3655; x_wconf 89' lang='lat' dir='ltr'>ln</span> <span class='ocrx_word' id='word_1_198' title='bbox 256 3595 348 3658; x_wconf 88' lang='lat' dir='ltr'>terris</span> <span class='ocrx_word' id='word_1_199' title='bbox 363 3594 513 3683; x_wconf 77' lang='lat' dir='ltr'>depressit</span> <span class='ocrx_word' id='word_1_200' title='bbox 531 3575 672 3659; x_wconf 77' lang='lat' dir='ltr'>consitae</span> <span class='ocrx_word' id='word_1_201' title='bbox 680 3592 805 3661; x_wconf 87' lang='lat' dir='ltr'>arbores</span> <span class='ocrx_word' id='word_1_202' title='bbox 818 3562 899 3660; x_wconf 82' lang='lat' dir='ltr'>mori</span> <span class='ocrx_word' id='word_1_203' title='bbox 910 3598 1047 3693; x_wconf 88' lang='lat' dir='ltr'>pulchro</span> <span class='ocrx_word' id='word_1_204' title='bbox 1062 3615 1139 3667; x_wconf 86' lang='lat' dir='ltr'>sunt</span> 
     </span>
     <span class='ocr_line' id='line_1_31' title="bbox 142 3697 1138 3790; baseline 0.012 -33"><span class='ocrx_word' id='word_1_205' title='bbox 142 3706 285 3781; x_wconf 83' lang='lat' dir='ltr'>aspectu,</span> <span class='ocrx_word' id='word_1_206' title='bbox 315 3697 477 3787; x_wconf 88' lang='lat' dir='ltr'>densisque</span> <span class='ocrx_word' id='word_1_207' title='bbox 496 3698 668 3763; x_wconf 80' lang='lat' dir='ltr'>frondibus.</span> <span class='ocrx_word' id='word_1_208' title='bbox 714 3699 796 3764; x_wconf 85' lang='lat' dir='ltr'>Cum</span> <span class='ocrx_word' id='word_1_209' title='bbox 817 3701 963 3790; x_wconf 85' lang='lat' dir='ltr'>sapientis</span> <span class='ocrx_word' id='word_1_210' title='bbox 980 3702 1044 3767; x_wconf 83' lang='lat' dir='ltr'>viri</span> <span class='ocrx_word' id='word_1_211' title='bbox 1063 3729 1138 3770; x_wconf 89' lang='lat' dir='ltr'>con-</span> 
     </span>
    </p>

    <p class='ocr_par' dir='ltr' id='par_1_17' title="bbox 28 3799 994 3894">
     <span class='ocr_line' id='line_1_32' title="bbox 28 3799 994 3894; baseline 0.003 -33"><span class='ocrx_word' id='word_1_212' title='bbox 28 3837 30 3842; x_wconf 93' lang='lat'><em>·</em></span> <span class='ocrx_word' id='word_1_213' title='bbox 120 3817 123 3824; x_wconf 82' lang='lat'>&#39;</span> <span class='ocrx_word' id='word_1_214' title='bbox 143 3808 250 3887; x_wconf 87' lang='lat' dir='ltr'>spectu</span> <span class='ocrx_word' id='word_1_215' title='bbox 268 3799 371 3881; x_wconf 86' lang='lat' dir='ltr'>fruar,</span> <span class='ocrx_word' id='word_1_216' title='bbox 391 3826 453 3889; x_wconf 79' lang='lat' dir='ltr'>qus</span> <span class='ocrx_word' id='word_1_217' title='bbox 468 3805 589 3873; x_wconf 74' lang='lat' dir='ltr'>tendam</span> <span class='ocrx_word' id='word_1_218' title='bbox 603 3802 718 3871; x_wconf 82' lang='lat' dir='ltr'>laetitia</span> <span class='ocrx_word' id='word_1_219' title='bbox 734 3804 915 3894; x_wconf 85' lang='lat' dir='ltr'>perfundor.</span> <span class='ocrx_word' id='word_1_220' title='bbox 943 3829 958 3889; x_wconf 56' lang='lat' dir='ltr'><strong><em>J</em></strong></span> <span class='ocrx_word' id='word_1_221' title='bbox 988 3844 994 3864; x_wconf 49' lang='lat' dir='ltr'>s</span> 
     </span>
    </p>
   </div>
   <div class='ocr_carea' id='block_1_10' title="bbox 0 0 1204 4334">
    <p class='ocr_par' dir='ltr' id='par_1_18' title="bbox 0 0 1204 4334">
     <span class='ocr_line' id='line_1_33' title="bbox 0 0 1204 4334; baseline 0 0"><span class='ocrx_word' id='word_1_222' title='bbox 0 0 1204 4334; x_wconf 95' lang='lat' dir='ltr'> </span> 
     </span>
    </p>
   </div>
  </div>
 </body>
</html>
