2370 4334
1051 40 1072 108 'a

424 238 497 303 Pras
516 236 537 319 l.
574 237 644 302 Cla.
664 250 693 308 9.
890 230 892 235 ’
1010 245 1051 308 47

32 407 121 497 Αιιίεὶ
144 419 297 474 venatum
320 411 390 492 ires,
413 413 565 499 quomodo
588 413 760 477 videramus
783 411 878 500 pelles
901 413 971 476 istas
988 412 1052 476 ani-

56 511 151 576 malis
175 512 301 578 Hiuen
323 513 397 579 dicti
428 541 501 605 quas
524 517 558 580 in
579 516 657 582 atrio
679 528 734 581 tuo
756 538 910 606 suspensas
931 512 1052 580 babes?

58 616 121 680 Vir
143 616 267 706 sapiens
289 641 354 683 non
375 619 430 685 ille
450 633 512 702 est,
535 622 591 711 qui
613 643 740 711 parcens
762 619 861 685 labori
883 610 1029 686 comedat.

125 721 193 792 Qui
216 721 304 811 ligne
331 723 450 788 viribus
474 724 617 790 adhibitis
647 727 793 806 caedunt,
831 749 922 791 suum
955 725 1050 790 lian-

56 823 129 888 kan
152 825 360 914 ingeminant.
405 829 490 900 Quae
518 841 599 894 secta
625 839 698 894 sunt
725 830 763 894 ad
788 841 929 893 rotarum
949 828 1049 893 radios

58 927 269 1015 conficiendos
299 930 385 1021 ligna
418 934 504 1020 juxta
531 933 663 999 fluvium
693 945 899 1021 reponuntur.
942 932 1048 999 Flurii
1087 1008 1089 1013 Ι

58 1044 168 1096 autem
196 1057 275 1122 aqua
305 1035 426 1124 placido
454 1047 499 1102 est
527 1060 630 1101 cursu.
677 1036 715 1100 si
741 1035 968 1126 agriculturam
996 1060 1047 1101 ne·
1161 1092 1165 1097 ,

59 1134 209 1224 glexeris,
232 1137 257 1201 si
270 1162 401 1204 messem
421 1163 486 1204 non
501 1139 663 1230 collegeris
681 1141 835 1228 quomodo
858 1143 1047 1222 3070po,ooo‚

58 1262 222 1305 mensuras
243 1240 473 1309 frumentorum
493 1243 551 1309 tibi
564 1238 713 1307 habebis?
735 1243 797 1307 nisi
814 1254 960 1308 venatum
976 1244 1048 1325 ires,

59 1346 219 1432 quomodo
239 1345 412 1413 videramus
434 1349 570 1413 triennes
593 1347 665 1412 istos
687 1371 777 1438 apros
806 1370 883 1438 quos
908 1348 943 1411 in
964 1347 1048 1412 domi

59 1447 139 1511 atrio
163 1471 324 1537 suspensos
338 1449 456 1518 habes?
478 1453 606 1542 Sapiens
627 1463 731 1517 autem
751 1475 817 1516 non
837 1450 892 1516 illa
914 1462 969 1532 est,
992 1450 1048 1541 qui

59 1550 162 1617 labori
175 1566 305 1640 -parcat,
326 1567 359 1620 et
379 1556 423 1620 ita
444 1558 604 1622 comedere
624 1554 708 1620 velit.

125 1656 191 1729 Qui
218 1656 305 1748 ligna
330 1671 443 1725 conatu
471 1660 608 1725 adhibito
630 1660 742 1742 caedit,
765 1682 857 1724 suum
877 1659 1047 1727 Han-‘ban

46 1759 228 1827 laborando
250 1762 422 1853 ingeminat
429 1790 439 1850 3
462 1777 541 1829 secta
563 1776 666 1829 autem
687 1765 776 1856 ligna
807 1765 844 1829 ad
872 1776 953 1828 rotas
975 1787 1046 1828 con-

35 1863 204 1950 'ficiendas
229 1867 318 1953 juxta
339 1868 470 1934 fluvium
490 1881 669 1958 ponuntur,
703 1880 734 1933 et
755 1868 843 1934 fluvii
864 1892 944 1956 aqua
965 1890 983 1930 a
1004 1879 1047 1935 te·

58 1969 118 2033 nui
146 1981 239 2034 vento
269 1971 371 2062 crispa
398 1972 444 2036 fit.
496 1973 530 2037 Si
559 1996 673 2062 agrurn
704 1971 808 2036 minus
837 1970 988 2052 colueris,
1018 1969 1068 2034 sit

58 2096 191 2139 messem
211 2099 276 2139 non
289 2076 470 2167 collegeris,
493 2078 647 2165 quomodo
666 2086 803 2139 trecenta
819 2073 931 2138 horrea
944 2073 1046 2140 lliun

56 2177 140 2253 dicta
160 2177 325 2244 srmrrentis
350 2181 443 2271 plena
465 2181 521 2246 tibi
542 2176 694 2245 habebis?
732 2177 852 2243 Sinon
873 2179 933 2243 ires
955 2199 1047 2243 vana-

57 2293 142 2363 tum,
165 2285 319 2371 quomodo
341 2283 469 2351 haberes
491 2285 561 2351 istas
583 2283 718 2365 alaudas,
741 2305 815 2372 quaa
836 2283 871 2345 in
892 2281 970 2345 atrio
992 2291 1047 2344 tuo

58 2408 208 2476 appensas
229 2385 391 2453 videmus?
431 2390 490 2454 Vir
511 2390 595 2455 enim
617 2388 737 2478 sapiens
763 2409 827 2454 non
848 2384 903 2451 illa
923 2382 1048 2475 estqui

57 2512 124 2555 non
146 2489 288 2562 laborans
310 2484 471 2560 comedere
492 2493 576 2560 velit

126 2593 129 2596 ’
460 2599 490 2663 Ο
512 2599 532 2666 d
552 2621 570 2663 e
615 2621 642 2683 7.
663 2603 738 2671 m.
804 2612 808 2620 '

26 2668 28 2673 '
120 2640 128 2666 ⁸
1152 2662 1157 2671 .

22 2674 25 2679 ι
100 2694 566 2792 MQngensgnbs,
588 2701 655 2787 ¹¹⁰l¹
672 2699 806 2785 ,milium-
820 2722 925 2766 meum
946 2719 1045 2762 come·
1083 2726 1087 2731 -

57 2803 132 2867 dere
143 2848 154 2883 ,
184 2813 246 2867 tres
275 2816 347 2869 sunt
374 2805 449 2872 anni
476 2829 515 2871 ex
542 2828 604 2895 quo
632 2817 663 2870 te
688 2803 799 2895 patior.
842 2800 932 2869 Nulli
953 2794 1046 2866 curae

58 2905 117 2970 tibi
138 2905 269 2971 fuerunt
295 2930 344 2974 res
373 2934 467 2975 meae.
483 2906 496 2921 ''
518 2909 588 2999 Ego
608 2932 684 2976 vero
704 2907 870 2975 discessum
890 2928 986 2996 paro,
1014 2915 1046 2971 at

57 3010 92 3074 in
113 3009 258 3075 meliores
281 3023 378 3077 terras
398 3014 483 3080 abeo.
527 3013 628 3078 Terre
649 3026 732 3102 (quo
752 3024 873 3103 pergo)
894 3007 970 3077 felix
991 3007 1046 3073 illa

56 3124 105 3178 ast
124 3114 231 3204 ragio,
253 3115 310 3178 ubi
336 3116 417 3200 ritae
442 3117 505 3183 dies
528 3117 711 3205 tranquillos
724 3117 851 3183 ducam.

120 3219 198 3283 Mus
228 3218 353 3308 ingens,
386 3220 497 3311 ingens
524 3245 593 3286 mus
625 3221 692 3285 noli
719 3219 912 3285 frumentum
938 3237 1045 3280 meum

55 3322 238 3403 corrodere,
261 3334 323 3389 tres
344 3324 472 3390 omnino
493 3335 565 3390 sunt
585 3325 659 3389 anni
680 3347 719 3389 ex
733 3346 796 3413 quo
814 3333 844 3388 ta
856 3319 966 3409 patior.
990 3318 1044 3383 Tu

54 3424 137 3490 nibil
151 3448 209 3490 ¹ma
231 3426 387 3510 amavisti,
417 3427 461 3495 sic
481 3451 542 3518 ego
563 3428 729 3494 discessum
749 3448 841 3515 paro,
874 3423 960 3488 etin
981 3446 1043 3489 me
1119 3417 1124 3423 ’

54 3529 137 3594 liora
157 3553 256 3620 regna
277 3531 439 3623 demigro..
481 3532 628 3624 Regnum
649 3554 712 3622 quo
733 3544 846 3620 pergo,
868 3524 942 3593 felix
963 3526 1049 3596 illud

10 3692 13 3697 .
53 3645 113 3716 ast,
134 3632 212 3697 felix
232 3633 311 3700 illud
332 3647 378 3702 est
398 3659 545 3727 regnum,
567 3636 623 3703 ubi
644 3659 722 3725 quae
743 3631 822 3701 mihi
841 3644 1042 3699 consentanea

54 3749 143 3819 sunt,
166 3737 320 3837 obtinebo.

119 3843 197 3906 Mus
225 3842 354 3932 ingens,
386 3866 455 3910 mus
477 3843 606 3935 ingens,
629 3852 746 3935 segetes
767 3865 848 3910 meas
875 3843 1038 3912 corrodere
