2370 4334
150 201 156 213 ⁹
283 198 711 311 vPammenes.
914 252 1049 321 πω

55 411 222 499 majorum
242 432 374 477 monuo
393 410 545 477 voluntati
565 435 685 481 nerem
696 437 808 505 gerens
829 417 910 482 avita
924 418 1054 485 consilia

57 515 171 583 auimo
192 513 355 603 recolebat.
384 515 529 606 Princeps
551 514 606 583 ille
625 515 741 584 scilicet
760 543 852 586 verus
874 520 934 587 fuit
953 545 1054 614 popu·

59 619 173 686 lorum
193 619 337 685 dominus
359 629 390 684 et
408 618 485 703 Rex.

479 736 636 749 *-

129 764 226 881 Regis
247 790 358 856 merita
383 788 541 880 praeclare
573 801 603 855 et
628 790 733 858 laudes
761 792 889 859 eximiae
919 795 1053 879 maxime

60 896 246 962 enituerunt
272 894 308 960 in
328 895 484 959 condenda
511 893 590 973 urbe
611 894 744 987 Fong:
771 899 976 991 undequaque
996 924 1052 993 po·

59 1000 138 1093 puli
158 998 397 1080 conveniebant,
426 998 481 1088 qui
503 1021 533 1062 se
555 997 615 1088 ipsi
637 999 797 1082 dederent,
830 1025 923 1091 quem
944 1027 1055 1094 regem

60 1104 242 1196 spectabunt
261 1115 298 1168 ut
327 1102 471 1166 columen
499 1125 589 1166 suum
619 1113 650 1167 et
670 1126 833 1169 commune
861 1104 1052 1196 perfugium.

60 1211 214 1299 Princeps
226 1207 279 1272 ille
289 1207 405 1272 scilicet
415 1230 506 1273 verus
514 1206 574 1272 fuit
583 1205 776 1296 populomm
785 1208 928 1273 dominus
938 1221 969 1275 et
978 1210 1052 1275 Rex.

132 1314 240 1378 Amnis
273 1313 329 1402 qui
360 1311 523 1401 regionem
550 1311 663 1402 Fong
690 1311 803 1402 irrigat
835 1313 872 1376 ad
903 1313 1055 1379 orientem

61 1418 164 1504 fluitq
179 1418 260 1507 quod
281 1416 398 1482 lactum
419 1426 464 1478 est
485 1438 580 1504 opera
600 1426 632 1479 et
653 1415 803 1481 industria
824 1415 949 1505 (magni
969 1415 1055 1506 prin·

63 1522 161 1613 cipis)
181 1521 248 1586 Yu.
268 1580 271 1585 .
292 1520 364 1585 Huc
385 1519 591 1608 undequaque
621 1516 659 1583 fit
686 1543 853 1585 concursus
880 1517 1054 1602 hominum,

64 1626 125 1718 qui
147 1634 312 1716 augustano
331 1621 507 1712 principem
527 1622 645 1712 Regem
666 1621 808 1687 salutent
837 1623 981 1713 Princeps
1002 1646 1055 1689 au·
1165 1691 1169 1698 ,

64 1741 179 1822 gusms
190 1728 242 1793 ille
257 1727 373 1793 scilicet
386 1748 480 1793 rems
501 1724 560 1791 suit
572 1725 766 1817 populorum
779 1727 920 1793 deminus
938 1739 968 1793 et
977 1727 1054 1809 Rex,

134 1918 168 1983 ln
188 1917 337 2008 principis
359 1915 571 2005 Ou-ouang
590 1917 669 1980 urbo
691 1917 780 2008 regie
801 1918 879 1983 Hae
902 1917 982 1983 dicta
1000 1941 1053 2008 pe·

63 2022 195 2088 laestrae
218 2033 248 2085 et
269 2020 438 2086 academiae
460 2019 547 2083 locus
575 2031 641 2084 erat
661 2019 833 2111 Pi·yong
854 2023 960 2087 dictus.
1003 2021 1054 2089 Ab

62 2127 186 2191 oriente
218 2136 248 2190 et
268 2124 441 2205 occidente,
470 2149 488 2188 a
510 2122 605 2217 borea
626 2135 656 2189 et
677 2134 780 2189 austro
800 2123 932 2214 populi,
967 2135 1054 2216 quot·

63 2242 145 2322 quot
166 2240 263 2310 erant,
284 2252 390 2292 omues
403 2228 498 2318 Regis
519 2227 654 2317 imperio
674 2251 785 2317 parere
805 2226 965 2293 volebant:
991 2227 1055 2292 Au·

62 2333 339 2427 gustusprinceps
360 2330 414 2397 ille
436 2331 553 2398 scilicet
579 2354 672 2397 rerus
704 2328 764 2396 fuit
788 2331 982 2421 populorum
1001 2331 1054 2397 do·
1105 2398 1110 2405 ,

63 2438 170 2504 minus
191 2449 222 2502 ot
242 2437 316 2500 Rex.

132 2583 277 2674 Princeps
296 2582 388 2647 rebus
405 2593 526 2648 mature
544 2582 706 2674 perpensis
722 2582 757 2649 in
771 2576 853 2649 Hac
869 2581 948 2648 urbe
963 2579 1054 2673 regia

61 2688 167 2754 sedem
181 2686 278 2776 figere
292 2683 409 2766 volens,
428 2697 459 2750 et
469 2687 619 2751 testudine
630 2688 764 2778 auguria
777 2686 936 2776 quaesivit,
957 2707 1053 2775 nego·

63 2791 146 2856 tium
164 2789 332 2880 aprincipe
350 2789 676 2880 Ou-ouangopere
690 2789 878 2880 completum
889 2801 943 2856 est.
977 2787 1051 2856 Ou-
1067 2792 1093 2805 “

63 2918 202 2985 oneng
222 2894 338 2960 scilicet
353 2893 545 2984 populorum
564 2894 707 2960 dominus
724 2906 755 2960 et
768 2894 843 2960 Rex.

131 3065 232 3154 Regio
254 3067 365 3156 Fong
385 3066 472 3156 equis
494 3067 617 3156 irrigue
637 3065 698 3132 fert
718 3066 809 3133 otiam
831 3065 960 3131 herbam
981 3064 1052 3148 lli3

64 3168 137 3261 quis
158 3169 331 3260 principem
353 3168 568 3260 Ou·oueng
588 3170 721 3236 otiosum
742 3166 847 3237 dicat?
879 3169 1052 3257 Nepotibut

54 3273 130 3339 uuis
146 3274 385 3363 prospicientem
407 3284 436 3338 et
457 3273 504 3363 pii
523 3272 581 3339 filii
597 3274 811 3365 tranquillitati
826 3271 1050 3361 invigilantem.

66 3376 285 3468 Ou-ouang
306 3380 421 3446 scilicet
441 3377 642 3468 populorum
654 3380 796 3445 dominus
818 3388 848 3442 et
869 3376 943 3439 Rex.

482 3515 586 3582 Ceron
609 3530 640 3588 2.

451 3628 660 3704 Odor.
1058 3645 1128 3736 «ΖΜ

131 3739 216 3804 Gens
237 3740 435 3820 (Tcheou)
457 3742 573 3831 inclyta
593 3741 748 3836 originem
770 3737 863 3802 trahit
884 3735 1049 3803 omuliere

67 3845 336 3935 stieng-yuon.
380 3847 464 3920 uuit
485 3843 552 3912 ite?
580 3856 653 3912 oum
674 3841 740 3910 sine
760 3841 864 3909 liberis
885 3855 962 3910 esset
982 3840 1046 3922 illa,
