2370 4334
424 234 708 316 Praedicta&

415 400 567 490 ‘ote
615 443 676 493 rr..
741 408 745 415 ⁶
1070 432 1148 532 μζ,

127 543 274 624 Caelum,
297 538 379 632 quod
397 527 537 607 misereri
555 553 653 625 amat,
685 542 749 633 jam
765 543 899 629 maxiruo
919 553 965 611 est
990 544 1051 612 ter·

57 646 136 714 rori
181 644 314 712 Coelum
340 657 416 738 quot
439 657 628 736 qrmntasqus
648 644 831 735 cdunltates
852 647 948 714 infert
954 674 965 737 3
994 672 1051 717 nos
1106 674 1111 687 ¹

57 751 188 818 miseros
209 743 338 842 affligit,
360 750 439 816 fame
459 761 491 816 st
510 746 612 816 inedia
628 750 761 841 premit3
782 751 894 845 papuli
914 753 1050 844 palantes
1147 784 1150 788 ·

58 866 91 922 et
111 851 254 945 dispersi,
277 853 360 921 inuis
380 866 412 920 et
432 852 509 920 foris
529 865 632 922 vastae
656 854 729 921 sunt
748 854 926 924 solitudines
948 870 980 924 et
999 861 1048 925 de

59 959 137 1060 serti
154 956 263 1049 campi.
375 1029 380 1055 l
784 969 787 973 ’

128 1158 259 1225 Coelum
275 1181 460 1249 poenarum,
484 1183 558 1250 ques
574 1184 593 1223 s
604 1157 691 1224 nobis
709 1159 840 1248 repetit,
862 1158 979 1251 laqueis
992 1184 1048 1230 nos

59 1263 198 1329 irretitos
219 1275 312 1328 tenet.
356 1262 504 1328 Homines
528 1263 746 1354 perditissimi,
775 1263 890 1329 insecta
911 1265 965 1330 illa
984 1269 1049 1333 ani·

59 1364 154 1432 malia
179 1378 251 1432 sunt
279 1365 404 1457 imperii
425 1367 507 1433 labes
532 1368 690 1449 intestina,
720 1366 768 1432 illi
788 1367 917 1434 miscent
935 1370 1049 1454 omnia,
1075 1356 1078 1420 Ϊ

60 1470 225 1537 inhumani
241 1473 377 1561 perdunt
392 1473 505 1537 omnia.
528 1468 667 1538 Perversi
680 1471 729 1536 illi
742 1471 882 1537 homiues
898 1474 970 1561 jura
985 1498 1048 1539 om-

59 1575 116 1640 nia
130 1574 264 1656 violant,
294 1598 389 1664 penes
407 1595 484 1666 quos
503 1586 605 1641 tamen
624 1575 766 1666 regimen
784 1575 910 1667 imperii
926 1589 958 1644 et
979 1587 1065 1645 suc»⁴

61 1678 170 1744 toritas
190 1689 242 1743 est.
535 1677 537 1682 ’

478 1788 633 1807 §.nuum——

128 1878 161 1943 ld
179 1900 278 1968 genus
297 1875 437 1944 homines
456 1875 622 1959 incuriosi,
654 1877 795 1969 superbi,
817 1878 974 1963 maledici,
997 1882 1049 1947 ob·

64 1979 260 2064 trectatores,
290 2006 425 2071 mortun
450 1979 568 2073 flagitia
592 2007 655 2047 non
676 1983 801 2050 rescivit
823 1983 1046 2073 (imperator).

63 2085 129 2169 (lui
150 2108 254 2168 sumus
273 2085 372 2151 seduli
387 2097 417 2151 et
438 2088 619 2176 prudentes,
642 2084 724 2150 cauti
745 2097 776 2151 et
793 2084 972 2178 diligentes,
994 2112 1049 2154 no-

61 2188 110 2254 bis
138 2188 257 2281 quietos
285 2211 349 2253 esse
372 2189 500 2254 minimo
526 2189 618 2271 licet,
652 2187 715 2254 imo
736 2213 866 2255 munere
888 2201 995 2257 nostru
1018 2202 1050 2258 et

13 2355 19 2364 .
64 2292 223 2384 dignitatis
245 2295 344 2383 gradu
364 2293 573 2359 deturbamur.

25 2528 27 2532 ν
131 2485 398 2566 Quemadmodum
421 2487 563 2560 siccitatis
587 2504 724 2584 tempore
745 2505 913 2560 crescentes
936 2494 1050 2563 herbae

63 2620 201 2664 crescere
221 2620 283 2662 non
297 2596 419 2684 valent3
442 2609 473 2662 et
487 2597 566 2663 sicut
579 2596 701 2688 plantae
721 2597 869 2687 aquatiles
887 2600 1050 2667 arboribus

63 2701 244 2792 adrepentes
262 2724 409 2766 exsuccae·
427 2700 508 2765 fiunt
529 2713 559 2766 et
576 2701 693 2786 aridae3
704 2700 759 2766 ⁸sic
775 2703 976 2791 perturbetur
992 2716 1051 2769 sta·

64 2817 115 2869 tus
134 2804 276 2895 imperii,
299 2804 527 2895 imperiumque
542 2815 579 2868 ut
595 2828 708 2894 corpus
726 2803 866 2870 exanime
883 2808 971 2895 jacet.

484 2934 640 2945 ..ι-ιι...-

129 2996 249 3070 Diuites
270 3026 404 3083 eramus,
426 3004 527 3068 etalii
548 3004 641 3068 abiis
659 3001 713 3094 qui
732 3001 824 3070 hodie
841 3027 963 3071 sumus*
989 3005 1052 3071 Res

63 3131 224 3197 nunquam
251 3106 347 3171 fuere
362 3107 512 3199 deteriore
535 3120 625 3172 statu.
670 3106 745 3172 Osi
772 3107 916 3197 antiquus
942 3107 996 3172 ille
1019 3119 1051 3174 et
1127 3103 1129 3107 Α

63 3209 140 3278 felix
157 3234 262 3275 rerum
279 3221 372 3274 status
383 3209 508 3300 'pessimi
518 3209 611 3299 hujus
626 3224 731 3276 terram
749 3223 842 3277 status
852 3211 952 3276 vicem
963 3210 1050 3276 obire

63 3318 183 3405 posset!
216 3313 307 3378 lrrits
325 3323 399 3378 sunt
421 3325 492 3378 vota
508 3337 591 3396 mes,
615 3315 658 3379 sic
672 3312 777 3380 dolore
795 3313 952 3379 conficior.

128 3418 222 3483 Aniit
239 3429 397 3506 stagnum,
419 3417 506 3507 aquis
524 3417 647 3483 aliunde
668 3417 818 3483 arcessitis
836 3440 873 3480 eo
895 3440 959 3480 non
978 3439 1048 3482 oon·

63 3520 259 3595 fluentibus„
285 3521 365 3586 Fons
380 3521 483 3604 aruit,
512 3511 741 3587 ex'visceribus
765 3532 865 3584 terrae
889 3514 1049 3588 deficiente

63 3650 161 3715 equa,
189 3649 267 3716 quse
293 3625 430 3714 patimur
449 3634 608 3718 'augentur
630 3625 663 3688 in
685 3623 758 3689 dies.
802 3621 886 3688 Cum
907 3635 988 3690 tenta
1009 3613 1050 3691 sit

63 3715 235 3807 celimitas,
271 3730 423 3818 quomodo
453 3729 488 3797 in
515 3728 617 3794 luctus
646 3725 765 3816 publici
794 3737 914 3816 partem
941 3730 1048 3794 minus
1132 3808 1135 3815 Δ

63 3834 202 3900 venirem
212 3829 228 3895 ?

487 3927 633 3939 m&

47 4035 51 4054 l
