2370 4334
13 3625 112 3724 ott

148 266 209 324 196
431 253 572 325 Pmetv.
602 253 717 325 Cer-u.
748 253 861 318 Aret

145 409 251 491 orienes
273 426 344 514 pius
365 437 425 504 est,
448 427 560 493 adsunt
580 426 617 489 in·
636 426 739 491 fluviis
761 439 791 490 et
812 425 882 490 eltis
903 426 1063 490 montibus
1083 426 1138 491 Yo

145 530 231 597 dictis
243 525 284 595 'et
305 529 350 593 ibi
371 552 553 603 convenere.
598 531 768 619 Imperator
788 524 882 595 verus
909 529 1139 601 estdominus.

208 698 374 786 Tmou
395 721 496 811 gentis
526 720 659 810 inclytae
680 720 826 811 splendor
847 688 970 810 ingens.
990 724 994 733 ’
1018 719 1085 792 Qui
1108 720 1142 809 ἰιι

97 800 101 829 i
145 824 223 888 solio
254 825 335 888 sedet
356 823 451 912 hujus
482 825 591 914 vigent
620 823 714 914 leges.
765 825 834 888 Jem
856 822 975 886 lanceas
997 834 1030 887 et
1053 835 1141 887 scuto

145 927 290 1017 collegit,
312 951 402 991 arcus
423 939 454 992 et
476 929 599 1018 sagittus
621 927 801 992 recondidit.
850 929 935 1007 lom,
957 927 1079 1016 inquit,
1103 951 1140 991 eo

145 1041 282 1120 spectent
310 1032 412 1095 enimi
433 1031 526 1096 totius
556 1030 617 1095 mei
646 1031 762 1110 studio,
794 1041 830 1095 ut
856 1024 1004 1094 virtutem
1027 1030 1139 1095 colem.

146 1135 234 1201 Hunc
263 1158 348 1199 suem
380 1134 573 1199 voluntatem
604 1146 709 1199 notum
741 1133 809 1199 vu'lt
837 1144 900 1197 esse
931 1133 1117 1199 omnibns
1108 1159 1142 1197 ιιι

145 1237 279 1327 imperio
295 1238 439 1323 Sinensi3
461 1239 506 1303 sic
523 1237 693 1339 imperium
708 1237 878 1327 imperator
900 1236 957 1302 rite
975 1246 1142 1325 conservet

145 1352 176 1409 et
197 1353 309 1408 tuetur.

165 1469 171 1480 ·
547 1429 673 1522 Ode⁴
697 1450 728 1514 9.
778 1452 782 1461 ’
834 1452 838 1459 ·
890 1458 894 1467 ¹

211 1549 278 1613 Sibi
308 1572 407 1638 usque
437 1560 590 1630 attentus,
624 1548 743 1639 sibique
772 1547 838 1636 ipse
866 1546 1036 1637 invigilans
1066 1546 1141 1611 Ou-

142 1675 280 1742 ousng
300 1653 469 1740 imperetur
475 1701 485 1734 ,
508 1655 598 1740 cujus
619 1651 786 1743 praeclaris
802 1650 920 1714 meritis
940 1649 1022 1713 nihil
1038 1650 1142 1738 eequi-

148 1755 252 1845 purori
278 1767 388 1844 potest.
440 1755 626 1844 ching·
645 1764 836 1843 oueng'et
860 1754 1144 1843 flung-ouung

149 1883 252 1924 nonne
275 1857 366 1922 etiem
387 1857 515 1923 fuerunt
531 1881 647 1946 magno
665 1858 827 1946 splendore
844 1857 1049 1946 imperatores
1064 1862 1141 1946 quo's

149 1986 287 2027 summus
310 1986 416 2026 rerum
438 1961 580 2026 dominus
602 1973 633 2026 et
653 1961 827 2037 dominator
848 1962 886 2024 ed
899 1959 1014 2033 solium
1030 1961 1140 2040 evexit,

150 2077 180 2131 et
201 2088 291 2157 reges
314 2089 376 2131 esse
399 2065 508 2132 voluit.

214 2171 395 2262 Atempore
413 2169 636 2259 imperatorum
652 2168 813 2258 Tclring
831 2179 860 2231 et
872 2167 1140 2257 flung-oneng

150 2273 189 2338 sb
210 2284 298 2355 ortu,
320 2275 364 2351 ed
379 2297 535 2355 occesum,
557 2298 576 2337 e
596 2272 690 2336 bores
711 2274 749 2337 ud
769 2284 910 2337 austrum
931 2271 1084 2361 quidquid
1097 2283 1141 2335 est

150 2377 307 2468 regionis,
324 2377 493 2471 ¹id'totum
514 2377 636 2441 Sinensi
656 2377 784 2467 parebat
805 2375 947 2465 imperio.
974 2374 1023 2440 Δ0
1045 2384 1140 2466 q'uem

151 2480 271 2545 illustre
292 2479 454 2569 utriusque
476 2481 671 2570 imperatoris
692 2483 823 2543 nomen!
996 2494 1000 2501 ⁴

168 2658 170 2662 i
216 2676 443 2766 Campanorum
466 2689 496 2742 et
512 2660 738 2767 'tympanorum
757 2644 889 2768 mugnus
905 2676 941 2742 fit
959 2691 1138 2761 concentus,

151 2804 284 2870 mugnus
306 2793 473 2849 concentus
494 2780 668 2850 fistularum
689 2794 720 2847 et
740 2781 1139 2872 instrumentorum'lling

152 2885 324 2969 dictorum3
346 2895 380 2948 et·
392 2883 474 2948 bone
495 2883 592 2955 mults
614 2885 701 2950 nobis
723 2886 849 2950 coelitus
870 2885 1050 2963 obveniunt.

565 3014 720 3028 ——1-

179 3136 182 3141 .
216 3084 287 3150 Alia
307 3107 344 3148 ex
366 3083 433 3147 eliis
454 3085 535 3148 bone
556 3084 644 3151 nobis
658 3084 784 3169 coelitus
800 3065 970 3166 obvenere,
993 3095 1024 3149 et
1036 3085 1139 3159 nihilo

153 3190 311 3281 segniores
332 3186 420 3252 nobis
442 3188 502 3278 ipsi
523 3212 758 3278 praecavemus,
780 3188 1034 3279 diligendumque
1055 3188 1139 3253 sdlri

112 3316 115 3323 ·
152 3295 269 3359 bemus.
293 3290 395 3356 *Vino
424 3291 634 3357 incalescimus
641 3302 653 3373 ,⁴
680 3294 720 3357 ed
743 3292 911 3357 sotietatem
937 3291 1138 3373 comedimus,

152 3421 211 3462 nec
231 3398 312 3463 bone
333 3408 457 3461 cessent·
468 3397 503 3460 in
524 3419 581 3461 nos
603 3397 767 3461 confluere.

542 3514 571 3580 0
591 3518 609 3581 d
628 3541 645 3580 e
693 3542 739 3581 ιο.

204 3622 306 3699 Quae
320 3623 411 3710 ponis
434 3633 507 3687 sunt
526 3621 667 3685 leudibus
689 3621 832 3685 omnibus
860 3632 986 3687 ornatus
1015 3622 1138 3686 lleou-

156 3723 208 3801 tsi
229 3735 339 3810 potest
349 3725 427 3806 coeli
450 3725 648 3791 secundarius
667 3725 782 3797 heberi.
835 3725 956 3797 Quibus
983 3725 1139 3791 vescimur

154 3825 294 3916 fruges
285 3827 380 3914 ipsius
402 3853 520 3905 summe
531 3820 648 3903 vitute
662 3841 692 3895 et
703 3828 853 3909 industrie
850 3840 964 3922 portes
978 3828 1137 3895 hahemus
