2370 4334
44 300 49 316 .
140 252 202 313 ltili
493 244 567 307 Pras
577 241 625 305 111.
665 242 739 308 Car.
759 255 794 311 2..

208 415 323 509 Longe
342 418 421 497 itur,
444 429 475 482 et
497 441 576 508 aqua
597 438 635 480 ex
656 416 728 499 rivo
743 414 913 501 hauritur,
936 441 1016 507 qum
1039 414 1168 481 tran

143 521 284 587 finalitur
312 534 342 586 et
369 521 497 611 lagenae
529 533 657 586 terreae·
670 518 821 584 lavantur.
878 506 1027 585 Pacilicus
1048 520 1181 610 pri:

144 649 215 716 ceps
238 649 367 691 suorum
388 625 508 691 animos
531 623 590 689 sibi
610 623 754 697 devinxit.
803 656 815 724 f
1066 621 1068 623 ’

208 768 321 889 Longo
349 770 474 872 itur-et
495 823 575 887 aqua
597 822 634 862 ex
655 799 724 865 rivo
736 764 905 877 iliauritau,
938 822 1016 887 quae
1041 752 1181 867 meru

144 901 285 997 funditur
312 914 343 968 at
363 927 434 972 vasa
456 902 635 969 abluuntur.
679 902 826 981 Pacificas
855 902 1002 992 princeps
1030 894 1181 992 pacbli

85 1019 90 1039 ⁹
144 1018 326 1085 suorumet
347 1005 526 1072 felicitatem
546 1017 703 1101 procurat.
827 1002 832 1009 ⁸

547 1127 658 1193 Ode
701 1130 733 1195 8.
807 1192 811 1199 ,

47 1254 116 1371 off,
208 1249 320 1340 Aggar
342 1261 387 1315 ast
407 1262 508 1315 terrae
531 1249 697 1314 continuus
726 1261 758 1314 et
786 1261 969 1332 tortuosus,
1002 1249 1059 1312 ubi
1085 1246 1181 1351 fla}

58 1424 61 1430 ,
144 1366 256 1459 paster.
291 1354 438 1419 Pacificas
460 1355 605 1444 princeps
626 1353 672 1417 ibi
694 1353 888 1435 deambulat,
911 1364 1013 1418 cantat
1032 1348 1065 1417 e't
1085 1368 1177 1417 νίν

146 1457 190 1522 cis
211 1482 283 1523 suae
305 1457 446 1539 modulos
470 1468 629 1548 temperat.
952 1476 954 1481 ⁴
1125 1472 1130 1481 ’

209 1648 269 1713 Pro
291 1650 356 1714 otio
377 1648 531 1730 anibulas,
555 1650 661 1717 otiaris
680 1649 880 1737 animumque
898 1670 1028 1715 recreas.
1053 1644 1157 1711 Prinv.

146 1773 216 1840 ceps
239 1751 386 1840 pacifice!
410 1763 502 1840 atque
518 1753 639 1819 utinam
650 1756 687 1817 ad
702 1776 856 1825 ,summam
870 1763 1061 1823 senectutem
1076 1750 1145 1842 diet

146 1857 297 1944 producas
321 1867 406 1937 tuos,
434 1866 465 1920 et
485 1852 640 1945 majoruin
662 1869 791 1923 morum
813 1855 921 1922 similis
942 1854 1040 1921 finem
1061 1856 1139 1921 virae

147 1958 353 2049 consequaris.
1099 1966 1102 1971 ’

212 2096 304 2162 Vasta
331 2097 392 2164 sint
419 2124 531 2193 regna,
563 2125 641 2191 quae
663 2100 696 2164 in
718 2097 843 2188 imperii
864 2097 912 2162 tui
933 2121 1048 2188 mappa
1069 2094 1131 2162 deli-
1156 2178 1160 2187 ι

147 2215 297 2285 neantur,
326 2204 471 2294 princeps
492 2204 637 2296 pacifice!
674 2216 765 2294 atque
787 2203 906 2267 utinam
928 2200 966 2265 ad
989 2198 1132 2266 sumniam

119 2342 124 2359 ι
148 2319 300 2373 senectam
322 2309 386 2374 dies
409 2309 570 2400 protrahas
594 2322 680 2388 tuos,
713 2319 743 2372 et
765 2306 891 2397 spiritus
914 2329 1022 2386 ornnes
1045 2318 1074 2370 te
1095 2327 1134 2369 ra·

43 2470 46 2485 ,
148 2435 220 2501 gem
243 2424 411 2503 agnoscant
433 2426 463 2478 et
484 2414 664 2503 praesidem.

213 2515 260 2579 Sit
280 2517 343 2581 vita
364 2529 418 2580 tua
438 2517 554 2582 inultos
575 2517 728 2605 producta
755 2516 791 2578 ad
821 2536 932 2597 annos,
963 2512 1002 2577 sit
1023 2512 1081 2577 tibi
1100 2511 1137 2576 f-

148 2614 247 2682 licitas
270 2618 381 2709 ingens
404 2631 435 2684 et
456 2645 516 2710 pax
546 2643 679 2702 summa,
708 2617 853 2708 princeps
876 2615 1017 2707 pacifice!
1052 2625 1139 2707 atque

149 2720 279 2786 utinam'
291 2718 462 2813 longaevus
483 2724 584 2788 videas
607 2747 757 2813 prospera
778 2738 918 2811 quaeque
923 2768 935 2802 ,
956 2720 1048 2786 nullo
1062 2718 1142 2789 mala

150 2825 277 2892 admista
299 2839 329 2892 et
350 2839 500 2917 perpetua
521 2827 561 2892 sit
581 2826 712 2892 felicitas
734 2837 796 2890 tua.

215 3016 328 3081 Secum
348 3015 442 3114 lpabet
463 3015 671 3108 quibusfidat
691 3015 775 3081 viros
794 3016 923 3106 probos.
942 2998 1145 3080 consiliorum

42 3184 48 3195 ,
150 3104 280 3198 simruni
310 3102 478 3210 adjutores,
510 3121 565 3211 qui
594 3108 740 3212 pietatem
770 3144 846 3210 erga
868 3130 1010 3208 parentes
1032 3119 1146 3235 colantf

151 3226 206 3317 qui
228 3226 342 3291 virtute
365 3225 572 3316 praecellant,
606 3224 662 3315 qui
684 3225 744 3316 ipsi
767 3224 853 3289 eunti
875 3225 967 3287 duces
987 3222 1151 3313 praeeant,'

151 3331 205 3419 qui
231 3331 291 3420 ipsi
321 3330 420 3397 adsint
447 3328 552 3394 fideles
584 3329 765 3405 administri.
822 3325 969 3411 Pacificus
1000 3325 1148 3416 princeps

152 3446 197 3497 est
219 3435 360 3525 exemplo
383 3436 466 3526 qarod
486 3433 604 3524 ubique
627 3446 782 3498 terrarum
805 3441 981 3521 sequantur.

163 3534 166 3541 ’
218 3539 339 3609 Quanta
361 3540 421 3603 eris
445 3538 611 3629 dignitate!
635 3537 781 3626 splendor
803 3537 869 3622 ejus
885 3531 1154 3625 gemmmun'haa

152 3641 203 3704 bot
224 3640 337 3726 instar3
360 3641 454 3728 hujus
477 3654 523 3706 est
544 3665 696 3731 magnum
710 3664 835 3719 nornen,
857 3661 1070 3727 magnamque
1086 3661 1150 3700 om·

152 3745 244 3808 nibus
268 3760 353 3832 spem
376 3748 473 3810 affe'r't.
512 3747 658 3834 Princeps
680 3743 826 3834 pacificus
848 3742 874 3809 is
895 3741 948 3805 ille
971 3752 1030 3821 est,
1053 3756 1150 3826 aqam

97 3848 100 3857 '
154 3847 234 3914 salus
256 3849 398 3913 omnium
419 3850 559 3937 pendeat.
