2370 4334
132 234 174 297 dt
488 225 562 289 tuas
577 224 599 287 l.
631 222 702 289 Cir.
719 234 749 294 8.

195 399 305 465 Amnis
328 397 433 463 Ouen
457 396 545 485 aquis
570 396 712 461 abundat.
762 397 825 462 lter
848 395 991 460 facientes
1018 416 1119 485 quesn

130 502 224 569 multi
246 513 337 568 sunt:
359 499 597 593 regniLou
568 526 618 565 vae
637 500 731 590 plana
747 512 800 565 est.
844 499 948 589 Regni
962 498 1030 624 Tei
1053 497 1120 563 fos-

130 608 216 673 mina
231 606 376 695 princeps
397 603 577 669 enibescere
595 604 702 669 nescit.

194 709 304 774 Amnis
318 709 425 775 Ouen
447 731 513 773 suas
532 709 654 773 fluendo
674 730 767 797 aquas
782 706 900 772 volvit·
891 708 978 796 3qui
994 706 1056 772 iter
1073 705 1118 781 fa·

130 815 219 879 ciunt
231 836 346 904 magno
359 823 433 877 sunt
450 835 590 877 numero.
624 811 727 902 Regni
747 811 829 876 Lou
840 755 970 901 plainam
985 823 1031 876 est
1043 811 1117 877 iter.

130 917 234 1007 Regni
246 916 312 982 Tsi
330 915 463 982 foemina
479 917 624 1007 princeps
641 940 755 1007 magna
772 913 928 981 alacritate
946 926 977 981 et
990 915 1120 981 audacia

517 1035 867 1173 orandus
1181 1152 1183 1160 .

129 1020 279 1110 procedit.

196 1226 274 1300 Quia
291 1251 355 1292 non
373 1227 473 1292 doleat
486 1228 680 1320 splendidum
694 1228 869 1319 principem
885 1227 1024 1308 videndo,
1043 1250 1119 1318 pro·

130 1326 202 1397 cera
226 1331 365 1422 corporis
391 1343 512 1411 statura
532 1332 656 1416 virum,
688 1332 750 1396 oris
776 1331 927 1422 dignitate
947 1331 1121 1422 insignem,

130 1435 188 1526 qui
208 1460 281 1500 cum
301 1436 446 1500 modestia
466 1426 523 1500 iua
536 1459 600 1501 sese
619 1435 768 1516 involvat,
800 1435 905 1525 prodit
918 1448 1020 1500 tamen
1033 1434 1120 1502 foras

62 1528 65 1533 ⁵
129 1539 230 1606 virtus
252 1540 318 1627 ejus
340 1550 371 1603 et
392 1539 516 1605 virtutis
538 1540 704 1630 splendor3
733 1538 909 1606 dulcissimo
925 1551 1119 1631 estaspeotu‚

130 1642 271 1731 pulchris
292 1643 414 1729 oculis3
445 1655 529 1708 tanto
555 1643 677 1733 lepore,
705 1644 843 1734 corporis
865 1642 1004 1733 agilitate
1031 1654 1134 1715 tonte·
1170 1655 1175 1665 '

130 1746 263 1832 incedit3
285 1771 373 1817 arcus
397 1759 429 1811 et
449 1746 630 1838 sagittarum
650 1748 725 1811 adeo
743 1748 864 1836 peritus
886 1758 939 1811 est.
1053 1804 1057 1813 .

197 1849 292 1915 Heu!
314 1850 458 1941 princeps
480 1850 534 1915 ille
556 1851 631 1915 adeo
652 1849 741 1915 laude
763 1851 876 1941 dignus
899 1855 959 1916 est'!
982 1863 1046 1917 tam
1067 1874 1120 1918 re·

88 1971 91 1976 '
131 1954 241 2036 nustis,
263 1966 326 2019 tam
346 1955 574 2044 perspicacibus
596 1965 642 2020 est
662 1954 770 2037 oculis,
793 1966 907 2020 tantm
928 1956 1121 2042 majestatem

131 2080 207 2147 prae
229 2082 261 2122 se
283 2058 363 2124 sert:
383 2058 534 2149 'singulos
556 2059 619 2124 dies
640 2059 675 2124 in
696 2058 814 2150 sagittis
839 2059 1011 2125 emittendis
1032 2059 1120 2125 insu-

130 2163 201 2244 mit,
222 2186 323 2253 neque
344 2187 470 2254 ascopo
491 2164 621 2245 aberrat,
643 2175 697 2228 aut
713 2164 840 2228 rubram
854 2163 1015 2244 maculam,
1037 2188 1120 2254 quiae

131 2266 168 2330 in
187 2267 290 2332 medio
310 2289 404 2358 scopo
424 2267 591 2358 pingitur,
626 2266 759 2332 transilit
786 2292 933 2358 unquam.
976 2268 1121 2359 (Regis)

131 2370 231 2435 nostri
252 2372 500 2462 sororis.dignus
522 2382 568 2436 est
589 2383 671 2436 certe
692 2368 785 2435 filius.

197 2474 283 2536 Heu!
316 2475 460 2564 princeps
482 2473 537 2536 ille
559 2474 682 2538 florenti
703 2487 815 2558 aetate,
841 2475 978 2540 venustis
1006 2475 1119 2559 oculis,

132 2574 251 2639 decoris
273 2575 446 2666 superciliis
467 2576 511 2641 ita
533 2576 662 2642 saltandi
675 2579 808 2667 peritus,
829 2591 866 2644 ut
887 2604 978 2644 nemo
999 2581 1120 2671 magis3
1170 2582 1173 2587 ’

43 2750 45 2756 y
132 2690 232 2744 artem
246 2679 410 2779 sagittandi
424 2679 467 2745 ita
482 2679 582 2763 callet,
604 2693 641 2746 ut
655 2704 783 2771 scopum
802 2683 970 2775 transfigat,
993 2695 1024 2748 et
1042 2709 1118 2775 qua

132 2794 206 2849 tuor
226 2784 346 2874 sagittis
367 2787 504 2849 eamdem
524 2784 610 2875 scopi
630 2796 751 2875 partem
771 2788 908 2878 attingat.
943 2790 1044 2863 Quam
1066 2816 1119 2882 ap
1170 2798 1174 2804 ’

133 2887 407 2954 transmeantis
429 2888 528 2955 turbis
550 2901 581 2955 et
602 2888 750 2955 seditiosis
772 2893 961 2958 coercendis!

509 3150 512 3155 4
551 3080 656 3147 Cisor
678 3104 709 3169 9.

225 3271 228 3275 .
289 3215 558 3283 canruurnr
588 3219 631 3285 ιιι
658 3219 801 3285 suono
832 3170 959 3284 ooui.

484 3389 647 3459 ‘oda
694 3386 823 3464 altt.

197 3510 243 3573 Ex
273 3513 333 3578 tela
360 3513 511 3605 llo-pou
538 3515 619 3579 diota
650 3514 860 3580 conficiuntur
877 3515 982 3580 calcei
1004 3517 1121 3604 quihus
1178 3496 1182 3509 ι

134 3626 240 3697 contra
267 3617 401 3683 calorem
430 3630 573 3683 uantur.
625 3619 682 3684 His
708 3630 812 3684 autem
841 3618 948 3684 calceis
977 3619 1122 3688 incedere

134 3732 264 3806 possunt
285 3745 378 3811 super
399 3723 544 3813 pruinam
567 3734 598 3786 et
619 3722 703 3812 gelu.
740 3723 862 3788 Puellae
884 3748 977 3812 parra
998 3723 1131 3810 rannus„

134 3821 264 3911 graciles
286 3823 377 3914 digiti
398 3839 514 3893 restem
541 3850 671 3892 crassam
701 3850 790 3893 suere
817 3839 849 3895 et
875 3826 1025 3894 conficere
1046 3854 1118 3918 pos·
1143 3830 1145 3835 ’
