2370 4334
161 236 223 301 rto
435 230 542 295 Norae
566 253 597 294 ιι
610 230 694 296 'Psns
710 230 731 294 Ι.
756 228 828 295 Cin.
843 237 873 300 t.

73 424 77 431 “
159 431 196 471 re
214 405 326 483 dubia,
354 426 427 468 cum
445 402 575 467 dubium
598 402 736 468 solvendi
760 425 824 468 non
847 414 986 493 superest
1009 403 1148 471 alienia.
1174 392 1177 399 ¹

163 510 230 575 vid:
245 521 333 573 notas
352 506 385 570 in
406 506 426 569 i.
444 508 475 570 5.
490 517 520 582 4.

148 630 160 639 ·“
226 613 347 678 Homo
372 608 736 699 illo,0uen-kong
760 608 886 674 scilicet.
959 612 963 619 '
1027 620 1032 640 ‘

222 718 392 784 Mensurae
409 714 551 803 antiquae
573 711 650 776 aliae
665 736 701 777 ac
716 712 901 796 hodiernae,
930 724 961 779 et
983 737 1051 803 pes
1072 714 1148 778 anti

145 818 352 915 ''quua'longa
371 816 476 885 minor
494 816 556 883 vid
576 828 662 915 notas
680 816 714 882 in
731 817 753 881 Ι.
766 839 796 907 9.
809 818 839 883 5.
933 844 937 851 ·

265 944 272 1021 ’.
318 1030 332 1043 ..
564 955 667 1022 Ode
711 979 740 1045 7.

143 1142 172 1159 ,Ι
404 1100 409 1155 j
497 1081 613 1149 (laminir
629 1079 817 1133 vintiundo.

156 1242 159 1247 .
224 1187 337 1252 Tunc
345 1197 377 1251 et
405 1183 575 1251 etiamnum
599 1183 686 1272 riget
714 1148 892 1274 superstitio
914 1207 983 1274 qua
1008 1181 1148 1249 iridem

159 1291 342 1357 orientalem
373 1288 472 1378 digito
504 1297 676 1352 monstrare
703 1286 788 1350 nefas
818 1310 883 1351 esse
908 1287 1063 1371 eredunt,
1095 1287 1147 1377 qui

145 1396 240 1467 ‚diane
252 1390 486 1474 monstraverit,
508 1390 584 1456 huic
601 1389 704 1455 subito
723 1389 842 1454 ulcus
832 1414 867 1453 ιιι
881 1414 977 1454 manu
996 1389 1147 1455 futurum

144 1662 147 1667 .
222 1623 295 1665 ere
342 1609 382 1663 at.
823 1632 827 1653 ι
871 1650 875 1657 .
967 1640 970 1647 -

155 1626 247 1777 'ilua'
297 1624 342 1688 gn
414 1764 417 1769 Ι
547 1682 659 1747 Ode
701 1686 732 1749 8.

334 1774 338 1779 .
521 1808 696 1874 Argumentum
711 1804 784 1856 idem.

559 1924 669 1991 Ode
711 1946 743 2010 9.
894 2000 897 2005 ,

444 2050 481 2101 Da
499 2056 547 2116 qino
563 2056 661 2118 agatur,
678 2049 734 2100 vide
752 2048 798 2100 ode
818 2038 858 2100 ιό.
884 2072 887 2077 ·
942 2062 946 2069 ·

225 2155 336 2219 Tsun
360 2152 395 2216 in
412 2173 512 2241 regno
531 2150 631 2219 Ouei
650 2152 751 2242 regio.
817 2190 820 2195 ·
944 2164 949 2175 '

224 2256 400 2337 Tiaris,
422 2254 536 2320 dehac
558 2256 609 2323 asi
630 2254 691 2321 rid.
710 2256 732 2320 Ι.
756 2268 804 2333 at.
826 2276 855 2320 ι.
906 2258 1029 2325 Venilia
1049 2273 1148 2328 erecta

161 2363 195 2427 in
215 2359 489 2452 parte-posteriori
509 2366 642 2441 currus,
658 2372 689 2425 et
703 2372 792 2427 arant
811 2361 868 2450 pili
887 2362 1020 2429 bovinae
1037 2364 1166 2431 caudae

162 2490 201 2531 ex
223 2463 327 2530 hastili
346 2463 499 2553 pensiles,
521 2462 707 2555 intersigna
725 2463 870 2529 militaria
883 2466 1064 2534 etiamnunc
1080 2480 1149 2537 aunt

162 2567 323 2656 ejusmoni.
686 2596 689 2601 ·
1026 2558 1030 2563 '

296 2649 300 2659 '
558 2649 661 2716 Ode
708 2663 755 2717 ιο.

127 2820 130 2824 .
227 2772 348 2862 Regina
367 2772 457 2861 parvi
476 2772 569 2862 regni
590 2772 668 2838 Hiu
683 2772 756 2839 dicti
777 2776 814 2839 ad
837 2798 979 2843 oceasum
998 2781 1150 2849 idonei·

164 2888 218 2941 te·
225 2874 305 2955 fou,
327 2873 403 2937 Ho·
392 2898 484 2940 ·nan
500 2875 674 2965 provincia,
696 2877 803 2968 positi,
826 2878 987 2946 inducitur
1003 2882 1150 2976 loquens3

163 2977 353 3087 hacoregni
378 2977 483 3043 Ouci
509 2977 623 3070 regulo
646 2980 773 3045 Suen·
761 2980 891 3073 -kong
914 2995 1024 3074 patre,
1057 3001 1152 3057 maten

163 3062 290 3150 Suen-
299 3080 419 3172 kiang
436 3092 527 3164 nata,
550 3095 581 3148 et
594 3083 707 3175 regulo
724 3084 804 3152 Hiu
820 3098 935 3176 nupta,
957 3087 1095 3177 cladem,
1116 3095 1151 3166 de

156 3196 227 3281 ‘qun
251 3187 308 3252 ode
327 3186 373 3268 6
399 3185 525 3252 audiena
551 3198 582 3252 et
605 3202 735 3257 suorum
751 3190 853 3257 vicem
878 3190 985 3259 dolona
1008 3209 1150 3284 parentu

164 3292 277 3384 pergit
288 3289 432 3356 solatura.

228 3396 289 3461 Sed
307 3393 417 3462 missua
438 3406 505 3461 erat
516 3418 644 3487 magnas
661 3399 698 3463 ad
718 3396 804 3464 illam
820 3399 858 3464 ab
875 3397 988 3466 itinere
1004 3424 1152 3471 revoeur·

164 3500 251 3580 darn,
273 3498 328 3564 ille
348 3510 393 3565 est
411 3499 448 3566 de
466 3502 530 3591 quo
546 3501 647 3587 odeg.
665 3496 834 3592 superiore.
868 3503 904 3568 In
922 3522 1020 3570 more
1033 3520 1104 3574 erat
1118 3519 1154 3576 ut

163 3613 264 3690 nupta
291 3602 423 3668 mortuis
448 3603 661 3693 parentibus
651 3630 686 3670 m
712 3618 872 3696 paternam
894 3609 1023 3675 domum
1051 3613 1153 3693 redire

161 3724 230 3769 non
249 3706 415 3794 posset,
392 3728 436 3771 arc
454 3730 583 3797 magnas
603 3709 800 3792 mittebatur,
821 3712 875 3802 qui
889 3735 991 3778 sema
1010 3728 1154 3808 suscepto

25 3836 28 3842 ·
72 3874 77 3889 ¹,
165 3807 276 3874 itinero
292 3808 459 3887 deterreret
473 3822 502 3877 ot
516 3813 553 3878 ad
570 3798 808 3901 regrediendum
825 3814 1012 3886 hortaretur.
