2370 4334
438 238 512 301 Paas
530 238 551 300 Ι.
576 237 647 302 Car.
664 249 695 308 8.
1009 256 1070 315 137

64 410 66 415 ’
148 410 184 475 ln
203 411 295 475 terris
312 410 462 500 depressis
482 411 617 477 consitae
641 411 765 478 arbores
785 415 885 495 mori,
898 395 1006 504 squam
1027 418 1074 503 ju-

80 515 186 579 cundo
199 527 273 579 sunt
289 527 414 604 aspectu
421 563 432 597 ,
452 516 601 580 arborum
616 516 741 583 frondes
758 530 874 608 quanto
887 530 960 584 sunt
975 519 1074 610 splen-

81 621 193 683 dore!
209 621 374 690 Quomodo
398 644 464 684 non
488 622 664 712 gauderem'
682 623 720 686 ad
741 622 888 715 ‘sapientis
913 624 975 688 viri
1003 628 1075 690 coir-

20 750 25 765 ·
82 735 235 813 spectum.
1048 740 1052 749 ⁴

148 829 184 892 ln
200 826 314 892 humili
331 828 398 892 solo
413 829 550 894 consitae
564 828 689 895 arbores
702 831 785 918 mori
799 843 927 921 aspectu
940 831 1075 922 placent,

81 931 310 1023 frondesque
284 957 392 997 earmn
403 932 558 1000 viriditate
575 958 628 999 sua
645 936 762 1044 juvant.
793 936 892 1024 Cujus
908 948 1076 1041 conspectu

83 1037 191 1118 fruor,
218 1034 272 1099 ille
290 1048 351 1117 est,
377 1039 467 1124 cujus
484 1037 583 1103 virtus
602 1038 716 1104 firma
710 1051 741 1104 et
758 1052 900 1106 constans
917 1052 971 1105 est

152 1141 301 1204 Amorem
316 1164 422 1206 meum
438 1144 594 1231 quomodo
608 1167 672 1209 non
692 1139 869 1209 declarem?
895 1114 1009 1206 Animi
1015 1141 1075 1205 mei

85 1269 193 1311 sensus
213 1247 382 1310 recondam
403 1244 492 1329 licet,
524 1246 668 1335 nunquid
687 1271 830 1337 unquam
850 1247 979 1347 liujus
970 1269 1076 1313 unme-

85 1373 158 1414 mer
176 1345 255 1414 ero?

281 1442 283 1447 ’
491 1434 594 1500 Ode
632 1439 670 1521 5.

156 1555 277 1621 Plantae
308 1556 413 1620 Hien
448 1555 546 1621 dictae
572 1557 657 1622 albae
689 1569 720 1623 et
754 1558 878 1624 florenti
902 1506 1144 1623 advolviturtst

86 1660 194 1751 planta
213 1661 277 1725 Pe
285 1684 378 1724 mao.
412 1660 481 1724 Jam
500 1660 554 1726 ille
576 1686 662 1726 ame
679 1661 803 1728 dissidet
820 1674 850 1728 et
863 1687 912 1727 me
931 1662 1097 1755 desemit.

149 1860 272 1927 Mirans
284 1870 316 1925 et'
326 1883 456 1925 corusca
471 1856 573 1926 nubes
586 1861 656 1927 albo
674 1860 783 1927 colore
790 1864 877 1929 nitet.
902 1863 965 1927 Ros
983 1885 1077 1952 supra

85 1965 208 2056 plantas
226 1965 326 2031 Hien
351 1978 382 2030 et
402 1967 491 2029 Mao
518 1965 640 2030 decidit.
685 1967 774 2031 Dura
800 1979 831 2032 et
852 1965 992 2031 difficilia
1013 1966 1077 2053 jam

87 2068 212 2135 coelum
230 2068 370 2135 molitur.
415 2069 474 2134 Sed
494 2069 549 2133 ille
570 2068 647 2143 haec
665 2069 747 2134 nihil
764 2067 862 2135 cuiat.
998 2096 1001 2101 ·

130 2286 132 2291 ⁴
150 2257 249 2335 Exilii
267 2277 298 2335 et
316 2270 401 2335 lenta
416 2256 487 2336 fluit
499 2253 579 2360 aqua
595 2293 702 2351 versus
719 2271 858 2351 boream,
872 2292 960 2362 ,quae
973 2280 1078 2335 tanen

85 2374 191 2438 orizae
217 2398 310 2463 agros
334 2374 456 2438 abunde
481 2374 603 2465 irrigat.
658 2370 742 2439 Inter
768 2373 900 2464 suspiria
921 2385 952 2438 et
977 2371 1078 2438 tristes
1148 2452 1152 2459 Ι

87 2490 198 2542 cantus
215 2477 366 2569 moerore
379 2477 530 2570 conficior
551 2478 684 2560 intimo,
703 2478 812 2559 etvini
832 2476 995 2557 clarissimi
1016 2498 1078 2559 me<

86 2565 222 2647 moriam
246 2581 371 2646 refrico.

507 2676 664 2689 ..αι-

151 2764 282 2851 Arboris
306 2783 389 2846 mori
408 2780 506 2873 lignis
526 2781 633 2849 focum
657 2783 810 2867 accendoJ
825 2784 893 2847 'sed
916 2778 1079 2847 clarissimi
1116 2798 1119 2802 ’

88 2888 150 2955 viri
168 2886 320 2977 cogitatio
338 2911 444 2983 meum
462 2898 546 2952 certe
565 2885 687 2959 cruciet
704 2886 854 2951 animum.
957 2938 961 2949 .
1068 2934 1072 2943 .

79 3060 84 3067 ⁴
123 3058 332 3176 insedibus
348 3086 445 3177 regiis
456 3066 579 3176 pulsata
596 3110 744 3205 campana
756 3084 833 3151 foris
851 3034 984 3165 audilam
996 3156 999 3166 Ι
997 3038 1079 3177 Egi

88 3216 165 3259 vero
182 3193 287 3259 virum
301 3191 442 3280 cogitans
461 3189 545 3254 carris
561 3191 657 3257 variis
663 3214 813 3283 premor.
843 3191 889 3269 ,Si
891 3186 1080 3285 contingat,

88 3309 127 3363 ut
147 3297 182 3360 in
201 3322 251 3362 me
273 3294 421 3383 conjiciat
438 3292 566 3376 oculos,
598 3319 657 3361 nec
680 3319 768 3360 mora
789 3295 853 3359 abit
870 3292 925 3357 ille
928 3295 1080 3417 (meque

88 3400 219 3469 omnino
241 3399 400 3490 negligit).

146 3548 316 3661 Accipiter
332 3571 454 3636 Ts1ou
470 3573 571 3637 d1ctus
589 3597 624 3636 m
639 3592 728 3662 aquis
742 3573 850 3671 degit
844 3569 903 3655 uhi
908 3566 1054 3677 ¹⁸molem
1045 3592 1079 3659 m
1168 3580 1170 3585 '

90 3677 228 3742 circuitu
245 3678 281 3740 ad
295 3676 477 3766 piscandum
492 3690 673 3767 posuerunt.
689 3674 818 3742 Ciconia
831 3658 933 3739 autem
946 3662 1054 3771 degit
1044 3692 1078 3735 m
1118 3709 1121 3715 ·
1146 3674 1153 3692 ⁸

90 3780 195 3869 sylvis
218 3780 277 3844 Vir
293 3793 396 3846 autem
412 3782 598 3848 clarissimus
606 3806 712 3847 meum
725 3791 808 3846 certe
825 3779 913 3871 angit
928 3778 1075 3879 animum
