2370 4334
145 266 207 331 ιω
482 256 576 349 ¹Pars
592 256 638 320 Ill.
660 250 734 322 cn.
753 267 781 325 1.

142 431 267 522 imperii
295 429 426 521 regendi
455 429 608 517 adjutores
639 426 701 493 viri
733 428 826 517 periti
853 441 883 496 et
915 429 1071 522 sapientes
1101 429 1137 495 in

142 558 234 601 omne
256 558 369 600 serum
390 533 526 599 illustres
547 542 649 598 erunt.
667 620 680 635 Ἰ

207 709 319 772 Nonne
341 705 489 771 inomao
511 726 620 770 aevum
642 701 777 769 illustres
799 700 917 770 erunt?
939 703 993 770 ille
1008 729 1088 772 vero
1102 707 1137 772 in

142 809 278 876 consiliis
300 809 363 874 suis
386 833 480 899 quam
508 804 603 874 solers
630 819 660 873 et
685 811 833 872 attentus!
863 807 897 872 in
918 810 1010 896 cujus
1030 834 1137 900 regno

142 913 242 979 exorti
269 923 341 979 sunt
367 912 429 979 viri
458 908 563 981 eximii
588 935 704 1002 magno
730 934 879 994 numero,
913 914 966 979 sed
994 938 1014 977 o
1041 939 1140 1004 quam

143 1017 331 1083 admirandi!
354 1017 410 1106 qui
430 1040 470 1083 ex
489 1008 640 1107 principis
661 1038 762 1105 regno
784 1016 946 1104 prodiere,
976 1017 1026 1082 illi
1047 1017 1139 1083 fitero

143 1120 269 1212 imperii
290 1120 456 1186 Tcheou
484 1118 630 1186 columen
658 1130 688 1185 at
715 1121 867 1185 condendi
894 1121 1020 1212 imperii
1040 1121 1140 1217 primi

143 1237 302 1311 auctores3
324 1224 380 1315 qui
402 1224 552 1315 sapientes
573 1222 635 1301 viri
656 1248 727 1289 cum
740 1223 861 1314 ingenti
882 1231 1015 1291 numero
1037 1236 1141 1291 essent

143 1329 182 1395 iis
202 1328 300 1394 fretus
322 1329 469 1418 princeps
487 1324 756 1419 Onon—ouatig
776 1330 852 1418 pace
867 1341 897 1394 et
912 1329 1148 1420 tranquillitate·

144 1458 259 1525 magna
279 1432 451 1498 fruebatur.

559 1528 716 1544 -u-—n

210 1603 481 1694 Ouen-ouang
508 1604 663 1695 singulari
684 1606 797 1671 virtute
819 1629 837 1668 a
859 1604 1141 1696 captubominum

147 1733 241 1800 quam
262 1706 358 1796 longe
380 1711 499 1771 r'emotael
521 1709 686 1798 princeps,
710 1732 729 1773 o
752 1715 865 1798 quanta
887 1707 982 1772 animi
1004 1708 1141 1791 solertia,

145 1836 166 1877 o
179 1835 272 1902 quam
294 1811 351 1875 sibi
372 1834 494 1900 semper
516 1812 666 1876 constitit!
696 1811 747 1876 Sic
767 1809 920 1877 beneficio
944 1812 1141 1902 singularia

144 1914 233 1981 ooelo
256 1916 385 1979 donatus
408 1925 462 1978 est
512 1914 680 2004 Dynastiae
701 1914 846 2008 Chang
873 1916 1025 2006 sanguine
1046 1917 1140 2006 regio

145 2030 289 2109 nepotes,
312 2041 448 2108 quorum
465 2040 615 2084 numerus
637 2021 675 2084 ad
696 2029 821 2084 centum
843 2020 941 2085 millia
958 2030 988 2084 et
1005 2020 1142 2110 amplius

145 2123 360 2215 pertingebat,
382 2121 430 2186 illi
445 2121 573 2213 inquam
587 2134 740 2215 quotquot
761 2135 848 2188 erant
869 2148 975 2189 rerum
999 2112 1142 2188 omnidm

146 2246 268 2295 summo
302 2226 428 2292 domino
466 2238 497 2293 et
528 2226 720 2293 dominatore
751 2227 794 2292 ita
825 2222 953 2317 jubente
982 2228 1142 2318 dynastiae

148 2331 310 2399 Tcheou
330 2308 465 2423 imperio
487 2354 519 2399 se
540 2331 751 2398 subdiderunt.

214 2564 322 2630 Gentis
344 2562 512 2637 Tcheou
530 2548 664 2655 imperio
687 2589 718 2630 se
742 2566 941 2631 subdiderunt
962 2564 1028 2653 illi3
1062 2566 1144 2633 soili-

150 2667 275 2759 estqui
297 2666 377 2733 coeli
399 2664 549 2759 gratiam,
573 2691 635 2761 qna
653 2669 853 2766 imperarent,
877 2669 1051 2752 obtinuere,
1075 2695 1145 2737 eam

149 2784 279 2863 possunt
301 2773 450 2837 amittere.
494 2775 587 2839 Nunc
610 2785 712 2842 autem
739 2774 793 2865 qui
814 2774 969 2863 dynastiae
991 2775 1033 2838 ln
1053 2771 1144 2866 pare

150 2878 225 2941 bant
246 2875 390 2965 imperio‘
407 2875 467 2940 viri
498 2876 603 2940 eximii
631 2890 661 2943 et
688 2902 795 2942 rerum
823 2877 934 2967 periti,
966 2878 1000 2942 in
1023 2878 1144 2944 curiam

151 2992 288 3052 nostram
315 2979 461 3060 veniunt,
491 2992 522 3047 et
550 2980 733 3046 libaminum
763 2966 873 3045 ritibus
904 2980 1144 3071 defunguntur3

151 3072 227 3151 duni
254 3095 356 3149 autem
377 3081 569 3149 oblationum
598 3086 676 3151 ritus
706 3085 864 3175 peracturi
889 3085 1019 3149 veniunt
1045 3097 1145 3150 vestes

152 3191 292 3258 solennes
314 3189 397 3252 Fou
424 3188 518 3253 dictas
542 3188 693 3270 induunt,
725 3201 756 3254 et
777 3189 897 3278 pileum
918 3189 949 3252 H
955 3186 994 3254 iu
1017 3201 1144 3280 gerunt.

153 3297 205 3361 Sic
226 3305 328 3360 autem
349 3291 444 3383 Regis
465 3292 542 3357 fidos
564 3306 721 3382 magnates
739 3293 942 3384 compellant:
965 3317 1070 3357 nonne
1086 3317 1146 3384 par

155 3412 199 3464 est
220 3422 274 3464 vos
295 3398 330 3463 in
351 3395 476 3487 imperii
496 3396 592 3462 vestri
613 3397 780 3463 conditoris
802 3397 1001 3493 cogitatione
1012 3418 1078 3463 esse
1089 3399 1147 3482 'de-

154 3496 257 3569 fixos?

205 3617 330 3706 ''Nonne
351 3664 409 3730 par
431 3652 491 3722 est,
521 3662 576 3707 vos
604 3641 681 3704 tanti
709 3641 787 3722 riri,
816 3643 870 3731 qui
896 3634 1064 3730 imperium
1096 3665 1146 3707 ve·

157 3756 256 3810 strum
276 3744 426 3827 condidit,
447 3745 629 3809 memoriam
645 3741 803 3810 retinere?
825 3745 981 3811 Virtutem
1003 3747 1071 3833 ejus
1095 3770 1148 3811 vo·

138 3849 205 3915 'bis
218 3846 389 3939 proponite
417 3848 455 3911 ad
482 3847 673 3914 imitandum.
718 3850 750 3914 ld
776 3871 897 3938 semper
923 3849 1006 3940 agite
1035 3848 1148 3932 seduli,
