2370 4334
111 164 174 279 ‘tt
494 212 568 277 Pana
584 210 605 275 l.
621 194 623 197 ’
639 211 711 277 Car.
725 221 756 281 8.

132 382 208 464 ciat,
228 383 254 447 si
271 406 335 451 noa
350 405 459 488 mane,
480 382 589 449 saltem
607 405 734 473 vespere
749 381 825 458 (hoc
841 383 1007 451 discrimen
1022 383 1124 463 seire)

132 497 241 577 potest.

537 573 639 639 Ode
683 574 713 639 6.
729 562 793 641 112,

193 694 289 759 Mons
312 693 531 760 Nan-chan
550 694 631 760 altus
654 705 716 774 est,
747 716 880 783 magnus
900 704 954 758 cst.
998 693 1124 783 Vulpes

130 796 265 870 mascula
291 797 458 863 foeminam
487 797 614 887 mipem
639 797 769 887 quaerit.
819 797 879 860 Vis
902 798 964 887 qud
990 797 1057 863 itur
1082 799 1124 865 ad

130 924 267 992 ragnum
292 900 376 973 Lou
402 903 495 991 plana
525 915 579 967 est
622 901 725 991 Regni
749 901 819 966 Tsi
840 899 905 965 lilia
930 901 1123 991 (princeps)
1167 982 1173 1013 r

130 1005 198 1069 data
212 1016 292 1079 est(
277 1004 325 1079 (in
341 1006 600 1080 matrimonium)
636 1004 719 1069 Cum
736 1004 805 1069 data
822 1005 862 1069 sit
877 1003 982 1080 (alteri
996 1004 1030 1068 in
1044 1029 1122 1068 ιιιο-

127 1123 213 1184 rem)
233 1109 338 1198 quid
329 1110 430 1200 1gitur
453 1109 535 1174 hanc
554 1107 692 1199 puellam
712 1105 854 1198 cogitas?

192 1211 240 1276 Ex
256 1212 361 1303 planti
378 1213 434 1291 lto
454 1211 528 1277 facti
546 1212 642 1277 calcei
662 1213 730 1276 bini
742 1224 774 1277 et
787 1212 871 1298 bini3
892 1211 1032 1302 quinque
1046 1178 1124 1277 simt

130 1314 305 1381 caleeonun
325 1317 420 1405 paria.
471 1315 643 1421 Pileorum
649 1316 769 1381 taeniae
794 1315 911 1405 pariter
930 1327 1002 1380 sunt
1025 1314 1123 1380 binae

129 1431 162 1487 et
182 1419 281 1485 binae.
323 1421 419 1492 Plana
438 1432 485 1486 est
503 1414 571 1502 via,
596 1446 657 1510 qua
672 1421 734 1487 iter
749 1429 795 1485 est
813 1421 852 1486 ad
869 1443 1006 1512 regnum
1024 1419 1119 1485 Lou.
1169 1462 1177 1493 r

130 1524 238 1590 Abivit
258 1547 353 1615 regns
343 1525 438 1589 Tsi
456 1525 579 1615 puella3
598 1547 671 1590 eum
684 1523 815 1590 obiverit
831 1523 903 1606 illa,
924 1521 1000 1612 quid
1015 1523 1122 1590 minue

130 1629 229 1717 ipsam
251 1625 413 1715 sequeris?

195 1729 347 1796 Cannabis
365 1732 469 1848 planti
486 1734 640 1822 quomodo
657 1728 797 1797 seritur?
840 1733 969 1796 Nonne
966 1755 1121 1822 ager
1047 1779 1059 1814 ,

131 1857 193 1924 quo
212 1834 342 1917 seritur,
364 1834 398 1900 in
415 1835 548 1926 longum
566 1848 597 1901 et
612 1835 710 1900 latum
726 1831 856 1900 aratur?
877 1834 984 1900 Puella
996 1836 1030 1900 in
1041 1860 1121 1902 uxo·

128 1960 197 2003 rem
214 1940 368 2027 quomodo
383 1936 531 2004 ducitur?
563 1943 673 2006 Nonne
691 1939 816 2029 puellae
834 1951 975 2030 parentes
990 1964 1119 2006 monen-

128 2039 205 2107 tur?
230 2042 500 2134 Quandoquidem
518 2044 641 2134 puellae
654 2056 796 2134 parentes
814 2044 924 2108 moniti
939 2057 1021 2126 sunt,
1041 2047 1121 2135 quid

123 2145 230 2211 adhuc
248 2147 379 2212 arbitrio
396 2173 451 2213 suo
469 2145 684 2238 permittitur?

193 2251 301 2342 Ligna
328 2255 482 2342 quomodo
506 2248 710 2318 caeduntur?
761 2253 834 2317 Sine
860 2253 961 2317 securi
990 2254 1119 2319 caedere

129 2354 313 2445 dignacerte
330 2381 395 2423 non
414 2379 587 2474 possumus.
625 2341 760 2446 Nuptiae
778 2357 932 2447 quomodo
951 2356 1119 2423 concilian-

130 2454 207 2523 tur?
249 2440 282 2524 ld
312 2483 376 2523 non
401 2458 486 2523 fit
462 2484 528 2524 sine
557 2461 739 2548 nuptiarum
762 2460 980 2527 conciliatrice
1031 2460 1119 2528 Cum

82 2648 85 2659 5
126 2560 255 2652 nuptiae
274 2561 323 2627 ita
335 2560 513 2630 conciliatae
525 2562 662 2646 fuerint,
683 2564 759 2657 quid
772 2563 873 2630 adhuc
891 2546 1002 2736 agendi
1020 2564 1116 2633 liber·

131 2677 176 2732 tas
190 2661 311 2733 datur?
422 2680 432 2698 '
522 2696 526 2701 -
1090 2711 1093 2718 -

527 2753 557 2818 Ο
575 2753 594 2820 d
611 2778 629 2820 Θ
674 2777 702 2841 l*
674 2734 842 2841 'Il‘v-uz,

195 2871 268 2936 Noli
286 2872 391 2961 plures
410 2897 501 2964 agius
519 2876 669 2941 excolere.
714 2877 748 2941 Si
768 2862 885 2965 plures⁵
899 2877 1042 2943 excolere
1061 2905 1116 2969 ag·

129 2975 296 3066 gradiaris,
320 2977 401 3043 vires
419 2977 477 3042 tibi
495 2979 658 3064 deficient,
671 2993 712 3044 'et
731 3003 807 3070 ager
828 2980 989 3071 neglectus
1008 2980 1116 3048 herleia

128 3080 339 3147 honoremini
359 3081 575 3148 nocivistotus
597 3084 730 3149 scatebit.
774 3084 847 3150 Noli
870 3105 944 3149 eum
962 3085 1017 3175 qui
1041 3111 1058 3151 a
1085 3099 1117 3152 te
1142 3070 1146 3079 .

128 3184 223 3276 longe
238 3183 322 3249 abest
330 3185 467 3275 cogitare
475 3213 485 3273 5
504 3187 551 3251 sin
566 3188 680 3269 minus,
693 3187 840 3253 sollicitus
854 3187 907 3253 fies
919 3200 950 3253 et
962 3201 1032 3254 tuus
1043 3215 1115 3256 oru-

129 3289 263 3355 cisbitur
280 3289 409 3354 animus.
611 3305 615 3311 ’

189 3392 261 3458 Noli
289 3393 394 3482 plures
418 3417 509 3485 agros
531 3396 691 3483 excolere3
724 3397 772 3461 sin
796 3396 918 3479 minus,
957 3397 1115 3486 segetibus

128 3496 252 3562 nocivae
265 3496 387 3580 herbae,
410 3498 521 3589 quihus
535 3524 611 3591 ager
624 3513 695 3566 tuus
710 3512 791 3566 totus
807 3502 942 3583 scatebit,
964 3502 997 3565 in
1013 3501 1115 3568 altum

128 3613 311 3693 excrescent.
357 3603 419 3674 Qui
439 3615 501 3667 ate
520 3603 632 3692 procul
649 3605 755 3687 distat,
775 3630 847 3670 eum
867 3606 933 3670 noli
955 3605 1114 3695 cogitare3
1170 3652 1176 3685 1

128 3704 270 3785 sitacus,
292 3705 439 3770 sollicitus
456 3707 509 3772 fies
528 3719 558 3771 et
572 3719 642 3773 tuus
657 3708 764 3773 delore
777 3710 901 3775 animus
920 3708 1114 3776 conficietur.

49 3803 57 3811 “
163 3808 272 3903 ΙΙΡιιιιι
290 3808 344 3873 ille
365 3811 491 3900 capillos
508 3834 577 3877 suos
598 3835 693 3903 supra
716 3825 810 3903 caput
831 3812 865 3879 in
888 3806 1022 3881 duorum
1045 3838 1114 3885 cor·
