2370 4334
451 225 525 290 Ptas
544 224 590 291 lll.
624 226 696 292 Cir.
716 233 743 295 1
1017 237 1078 301 {isit

88 384 267 461 felicitatem
289 397 426 486 quaerit,
454 406 532 492 qiia'e
550 397 631 466 nihil
654 398 780 482 hebeat,
807 403 892 557 ‹Juod
910 413 1011 469 rectae
1031 426 1078 470 ra

88 498 169 564 ticni
190 501 378 579 adversetur.
461 526 464 532 ’
521 529 524 537 ·

382 662 386 671 -
487 623 709 688 0106.

153 718 284 864 Quanta
297 734 491 861 dignitatis
465 742 573 851 babitu
591 730 660 845 eiat
672 736 833 808 foemina
818 743 973 863 princeps·
987 747 1077 812 Tar·
1087 731 1149 801 ‘tss

22 908 25 914 ,
85 844 143 934 jin
172 834 322 941 principis
355 847 491 912 Ouen·
480 870 637 936 -cuang
645 833 785 927 rii'ater,'
818 854 911 967 'quae
923 849 1077 945 principis

85 949 242 1027 foeminae
262 948 532 1014 Tcheou·b1an
539 975 563 1043 8
584 949 642 1014 sibi
663 941 862 1015 devinxit
813 956 961 1022 ammu'm
988 950 1076 1019 Talis

84 1053 122 1118 in
144 1053 215 1118 aula
234 1050 295 1118 fuit
316 1053 464 1153 Regina
458 1065 488 1118 et
509 1053 592 1117 domi
614 1063 711 1117 mater
732 1050 880 1153 farniliasJ
912 1048 996 1120 huic
1009 1079 1075 1121 sue-

84 1157 175 1241 cessit
201 1156 314 1224 mulier
342 1158 487 1246 princeps
516 1156 608 1222 Tai'·
597 1152 689 1238 -see‚
722 1168 782 1225 nee'
807 1181 872 1225 non
899 1156 933 1221 in
961 1157 1075 1224 famam

82 1262 153 1361 ejus
163 1262 205 1326 et
225 1260 329 1325 laudes
356 1260 480 1328 eximias
512 1260 672 1342 successit,
703 1272 733 1326 et
760 1260 940 1329 innumeros
966 1258 1075 1329 babuit

84 1368 225 1453 nepotes

148 1469 184 1532 In
200 1468 270 1532 aula
285 1470 439 1556 majorum
453 1467 662 1557 parentalibus
679 1467 776 1533 dicata
790 1448 973 1558 cbsequium
986 1491 1073 1558 prae-

83 1571 182 1639 stabat
204 1595 310 1654 suurn,
340 1572 383 1638 sic
411 1571 533 1660 spiritui
561 1569 665 1634 nullus
688 1572 915 1666 conquerendi,
949 1572 1072 1664 spiritui
1171 1628 1174 1633 .

82 1662 190 1739 n'iillus
220 1699 311 1769 aegre
338 1674 457 1739 ferendi
487 1672 573 1739 locus
603 1685 676 1738 erat.
728 1674 865 1739 Uxorem
894 1698 980 1793 eram
1012 1677 1071 1741 sibi
1169 1735 1172 1747 ,

81 1770 277 1885 proponebat
297 1781 338 1844 ad
354 1777 556 1844 imitandum·
547 1775 748 1872 ,fratresque
770 1774 818 1843 his
840 1768 976 1869 vestigiis
999 1778 1070 1864 iszi-

63 1874 217 1981 'alebant,
238 1882 308 1946 inde
329 1883 448 1947 bonum
469 1881 560 1971 regni
581 1882 731 1971 regimen.

103 1974 228 2050 Cum
249 1986 332 2050 domi
352 1985 530 2052 versabatur
550 1984 726 2049 animorum
747 1976 942 2051 concordiam
962 1984 1070 2052 fovere

80 2062 258 2180 satagebat,
272 2113 343 2154 cum
364 2089 399 2153 in
415 2112 545 2155 avorum
538 2070 653 2168 aula,
674 2087 908 2152 venerabundus
923 2090 1066 2187 adstabat.
1085 2121 1091 2159 i
1133 2074 1140 2093 Ι

78 2194 170 2266 Sim
191 2194 332 2259 locomm
354 2192 461 2258 abditis
483 2203 513 2257 et
535 2192 573 2256 ab
594 2189 757 2256 hominum
779 2199 945 2278 conspectu
966 2215 1066 2256 remo-

77 2284 122 2365 tii
130 2284 233 2378 locis,
260 2298 313 2363 sta·
323 2297 433 2391 agebat
454 2296 540 2389 quasi
563 2295 588 2361 si
609 2305 781 2384 praesentes
805 2294 941 2360 adessent
948 2320 958 2380 5
995 2293 1066 2361 licet

77 2410 191 2468 natura
212 2404 343 2468 attentus
365 2411 442 2466 esset
467 2411 498 2465 et
519 2399 665 2488 diligens,
693 2420 790 2461 novos
813 2408 915 2461 tamen
937 2409 1064 2467 conatus

78 2529 201 2594 semper
224 2504 400 2584 adhibebat,
422 2526 595 2592 novamque
617 2500 903 2597 diligentiam.
1090 2512 1095 2519 ‘

142 2610 276 2701 Magnas
299 2630 459 2674 aerumnas
487 2606 585 2674 vitare
610 2629 674 2670 non
702 2602 820 2694 potuit,
853 2628 930 2693 quae
959 2592 1063 2671 tamen

76 2712 225 2778 virtutem
253 2711 319 2817 ejus
342 2722 371 2775 et
393 2711 488 2775 animi
516 2709 728 2779 fortitudinem
754 2705 833 2770 nihil
864 2706 983 2773 laedere
1011 2731 1063 2772 va·

76 2816 224 2900 lueruntJ
257 2838 335 2904 quae
356 2837 419 2879 non
442 2813 578 2879 audierat
605 2811 680 2877 haec
709 2810 794 2901 98115
825 2835 917 2899 quam
938 2808 1062 2875 vivendi

75 2920 228 2985 rationem
249 2943 313 2983 non
334 2919 439 2984 doctus
460 2915 562 2985 fiierat
581 2915 661 2984 bane
682 2925 801 2985 secutus
824 2925 885 2995 est,
915 2913 1004 2979 sibi
994 2936 1061 3003 ipse
1082 2983 1086 2991 ,

48 3084 51 3089 ,
75 3023 224 3127 magister
245 3033 275 3086 et
296 3024 366 3087 dux

141 3125 356 3191 Adulescentes
384 3124 482 3189 nostri
513 3131 597 3189 nune
625 3123 739 3190 virtute
767 3122 935 3212 praestant,
967 3117 1059 3207 pueri

27 3257 29 3261 ’
74 3229 177 3297 nostri
196 3227 364 3293 liberaliter
386 3227 544 3293 educati.
567 3228 636 3291 Hoc
662 3227 806 3291 debemus
835 3225 960 3312 antiquo
988 3220 1059 3284 viro

74 3331 215 3423 illique
207 3332 360 3423 1mpigro,
392 3333 480 3420 cujus
509 3330 606 3397 sistus
635 3330 718 3396 viros
746 3328 872 3393 eximios
901 3324 981 3389 sama
1003 3346 1057 3388 sua

42 3502 44 3507 s
74 3428 213 3526 insignes
234 3435 334 3501 nobis
338 3434 466 3527 peperit.

432 3573 579 3661 ·Ode
623 3596 659 3658 7„
754 3598 758 3607 ·
790 3601 793 3604 ⁴
939 3645 943 3652 ι
1037 3579 1116 3668 JJJJ,

139 3695 262 3759 Scilicet
283 3717 416 3783 magnus
434 3706 479 3759 est
500 3705 530 3758 et
551 3703 699 3781 augustus
719 3706 856 3781 sunamus
877 3712 982 3754 rerum
1003 3691 1055 3753 do·
1148 3782 1152 3787 ὓ

75 3800 179 3866 minus
207 3811 238 3862 et
266 3796 686 3882 dominator';·‚insericribus
719 3791 794 3858 locis
822 3795 903 3858 adest
930 3793 1054 3884 quidem
