<?xml version="1.0" encoding="UTF-8"?>
<!DOCTYPE html PUBLIC "-//W3C//DTD XHTML 1.0 Transitional//EN"
    "http://www.w3.org/TR/xhtml1/DTD/xhtml1-transitional.dtd">
<html xmlns="http://www.w3.org/1999/xhtml" xml:lang="en" lang="en">
 <head>
  <title>
</title>
<meta http-equiv="Content-Type" content="text/html;charset=utf-8" />
  <meta name='ocr-system' content='tesseract 3.04.00' />
  <meta name='ocr-capabilities' content='ocr_page ocr_carea ocr_par ocr_line ocrx_word'/>
</head>
<body>
  <div class='ocr_page' id='page_1' title='image "./confuciichiking00confgoog_0119.png"; bbox 0 0 2370 4334; ppageno 0'>
   <div class='ocr_carea' id='block_1_1' title="bbox 146 94 786 178">
    <p class='ocr_par' dir='ltr' id='par_1_1' title="bbox 146 94 786 178">
     <span class='ocr_line' id='line_1_1' title="bbox 146 94 786 178; baseline 0.008 -5"><span class='ocrx_word' id='word_1_1' title='bbox 146 112 191 173; x_wconf 87' lang='grc' dir='ltr'><strong>ιι</strong></span> <span class='ocrx_word' id='word_1_2' title='bbox 501 94 613 174; x_wconf 69' lang='lat' dir='ltr'><strong>Post.</strong></span> <span class='ocrx_word' id='word_1_3' title='bbox 642 106 715 175; x_wconf 78' lang='lat' dir='ltr'><strong>eo.</strong></span> <span class='ocrx_word' id='word_1_4' title='bbox 735 112 786 178; x_wconf 76' lang='lat' dir='ltr'><strong>so</strong></span> 
     </span>
    </p>
   </div>
   <div class='ocr_carea' id='block_1_2' title="bbox 145 274 1178 578">
    <p class='ocr_par' dir='ltr' id='par_1_2' title="bbox 145 274 1178 578">
     <span class='ocr_line' id='line_1_2' title="bbox 209 274 1178 371; baseline 0.003 -29"><span class='ocrx_word' id='word_1_5' title='bbox 209 274 258 343; x_wconf 79' lang='lat' dir='ltr'><strong>Es</strong></span> <span class='ocrx_word' id='word_1_6' title='bbox 280 276 438 345; x_wconf 82' lang='lat' dir='ltr'><strong>montibus</strong></span> <span class='ocrx_word' id='word_1_7' title='bbox 461 279 673 345; x_wconf 80' lang='lat' dir='ltr'><strong>adorientem</strong></span> <span class='ocrx_word' id='word_1_8' title='bbox 689 279 817 371; x_wconf 79' lang='lat' dir='ltr'><strong>positis,</strong></span> <span class='ocrx_word' id='word_1_9' title='bbox 845 300 911 370; x_wconf 80' lang='lat' dir='ltr'><strong>quo</strong></span> <span class='ocrx_word' id='word_1_10' title='bbox 924 278 1063 369; x_wconf 78' lang='lat' dir='ltr'><strong>prufaoti</strong></span> <span class='ocrx_word' id='word_1_11' title='bbox 1085 300 1178 345; x_wconf 84' lang='grc' dir='ltr'>ιιι·-</span> 
     </span>
     <span class='ocr_line' id='line_1_3' title="bbox 145 381 1178 473; baseline 0.002 -26"><span class='ocrx_word' id='word_1_12' title='bbox 145 402 234 465; x_wconf 84' lang='grc' dir='ltr'>ιιιιιι,</span> <span class='ocrx_word' id='word_1_13' title='bbox 250 381 363 447; x_wconf 78' lang='lat' dir='ltr'><strong>-ratira</strong></span> <span class='ocrx_word' id='word_1_14' title='bbox 381 381 518 471; x_wconf 83' lang='lat' dir='ltr'><strong>jamdiu</strong></span> <span class='ocrx_word' id='word_1_15' title='bbox 540 406 606 448; x_wconf 91' lang='lat' dir='ltr'><strong>non</strong></span> <span class='ocrx_word' id='word_1_16' title='bbox 620 384 800 473; x_wconf 84' lang='lat' dir='ltr'><strong>potuimus,</strong></span> <span class='ocrx_word' id='word_1_17' title='bbox 826 383 899 448; x_wconf 85' lang='lat' dir='ltr'><strong>inde</strong></span> <span class='ocrx_word' id='word_1_18' title='bbox 916 382 978 447; x_wconf 83' lang='lat' dir='ltr'><strong>itur</strong></span> <span class='ocrx_word' id='word_1_19' title='bbox 994 404 1178 449; x_wconf 75' lang='lat' dir='ltr'><strong>mosao-</strong></span> 
     </span>
     <span class='ocr_line' id='line_1_4' title="bbox 147 484 1178 578; baseline 0.002 -28"><span class='ocrx_word' id='word_1_20' title='bbox 147 492 192 550; x_wconf 87' lang='lat' dir='ltr'><strong>tas</strong></span> <span class='ocrx_word' id='word_1_21' title='bbox 204 484 312 574; x_wconf 79' lang='lat' dir='ltr'><strong>pluvia</strong></span> <span class='ocrx_word' id='word_1_22' title='bbox 324 485 413 551; x_wconf 87' lang='lat' dir='ltr'><strong>coelo</strong></span> <span class='ocrx_word' id='word_1_23' title='bbox 426 486 536 553; x_wconf 86' lang='lat' dir='ltr'><strong>nubilo</strong></span> <span class='ocrx_word' id='word_1_24' title='bbox 550 508 608 553; x_wconf 88' lang='lat' dir='ltr'><strong>nos</strong></span> <span class='ocrx_word' id='word_1_25' title='bbox 619 488 745 554; x_wconf 79' lang='lat' dir='ltr'><strong>invadit.</strong></span> <span class='ocrx_word' id='word_1_26' title='bbox 765 488 889 555; x_wconf 84' lang='lat' dir='ltr'><strong>Croosa-</strong></span> <span class='ocrx_word' id='word_1_27' title='bbox 897 484 962 553; x_wconf 74' lang='lat' dir='ltr'><strong>avis</strong></span> <span class='ocrx_word' id='word_1_28' title='bbox 976 486 1178 578; x_wconf 75' lang='lat' dir='ltr'><strong>Tung—</strong></span> 
     </span>
    </p>
   </div>
   <div class='ocr_carea' id='block_1_3' title="bbox 33 586 1174 682">
    <p class='ocr_par' dir='ltr' id='par_1_3' title="bbox 33 586 1174 682">
     <span class='ocr_line' id='line_1_5' title="bbox 33 586 1174 682; baseline 0.004 -29"><span class='ocrx_word' id='word_1_29' title='bbox 33 620 39 639; x_wconf 66' lang='grc' dir='ltr'><strong>ι</strong></span> <span class='ocrx_word' id='word_1_30' title='bbox 145 586 218 653; x_wconf 75' lang='lat' dir='ltr'><strong>lsen</strong></span> <span class='ocrx_word' id='word_1_31' title='bbox 226 614 250 679; x_wconf 83' lang='lat' dir='ltr'><strong>g</strong></span> <span class='ocrx_word' id='word_1_32' title='bbox 264 612 334 655; x_wconf 85' lang='lat' dir='ltr'><strong>suas</strong></span> <span class='ocrx_word' id='word_1_33' title='bbox 350 591 431 655; x_wconf 87' lang='lat' dir='ltr'><strong>mire</strong></span> <span class='ocrx_word' id='word_1_34' title='bbox 445 590 580 682; x_wconf 80' lang='lat' dir='ltr'><strong>depietas</strong></span> <span class='ocrx_word' id='word_1_35' title='bbox 594 592 693 681; x_wconf 78' lang='lat' dir='ltr'><strong>agitat</strong></span> <span class='ocrx_word' id='word_1_36' title='bbox 705 590 768 658; x_wconf 76' lang='lat' dir='ltr'><strong>ato</strong></span> <span class='ocrx_word' id='word_1_37' title='bbox 782 590 926 657; x_wconf 74' lang='lat' dir='ltr'><strong>votando.</strong></span> <span class='ocrx_word' id='word_1_38' title='bbox 948 592 1019 657; x_wconf 77' lang='lat' dir='ltr'><strong>Jam</strong></span> <span class='ocrx_word' id='word_1_39' title='bbox 1028 590 1174 681; x_wconf 71' lang='lat' dir='ltr'><strong>postt-</strong></span> 
     </span>
    </p>
   </div>
   <div class='ocr_carea' id='block_1_4' title="bbox 143 692 1158 1829">
    <p class='ocr_par' dir='ltr' id='par_1_4' title="bbox 143 692 1158 1829">
     <span class='ocr_line' id='line_1_6' title="bbox 146 692 1158 786; baseline 0.004 -31"><span class='ocrx_word' id='word_1_40' title='bbox 146 692 172 756; x_wconf 85' lang='lat' dir='ltr'><strong>it</strong></span> <span class='ocrx_word' id='word_1_41' title='bbox 192 700 375 782; x_wconf 81' lang='lat' dir='ltr'><strong>(nuptum);</strong></span> <span class='ocrx_word' id='word_1_42' title='bbox 399 694 485 760; x_wconf 88' lang='lat' dir='ltr'><strong>illius</strong></span> <span class='ocrx_word' id='word_1_43' title='bbox 503 695 577 786; x_wconf 82' lang='lat' dir='ltr'><strong>oqui</strong></span> <span class='ocrx_word' id='word_1_44' title='bbox 596 697 674 765; x_wconf 79' lang='lat' dir='ltr'><strong>flavi·</strong></span> <span class='ocrx_word' id='word_1_45' title='bbox 687 708 719 765; x_wconf 80' lang='lat' dir='ltr'><strong>et</strong></span> <span class='ocrx_word' id='word_1_46' title='bbox 740 696 898 775; x_wconf 74' lang='lat' dir='ltr'><strong>suhmhr‘a</strong></span> <span class='ocrx_word' id='word_1_47' title='bbox 940 696 1047 761; x_wconf 78' lang='lat' dir='ltr'><strong>Mater</strong></span> <span class='ocrx_word' id='word_1_48' title='bbox 1067 696 1158 783; x_wconf 65' lang='lat' dir='ltr'><strong>ejus</strong></span> 
     </span>
     <span class='ocr_line' id='line_1_7' title="bbox 145 795 1147 895; baseline 0.005 -37"><span class='ocrx_word' id='word_1_49' title='bbox 145 795 206 885; x_wconf 88' lang='lat' dir='ltr'><strong>ipsi</strong></span> <span class='ocrx_word' id='word_1_50' title='bbox 223 796 348 895; x_wconf 84' lang='lat' dir='ltr'><strong>alligat</strong></span> <span class='ocrx_word' id='word_1_51' title='bbox 351 800 510 865; x_wconf 86' lang='lat' dir='ltr'><strong>sudarium</strong></span> <span class='ocrx_word' id='word_1_52' title='bbox 526 798 657 895; x_wconf 80' lang='lat' dir='ltr'><strong>puellas</strong></span> <span class='ocrx_word' id='word_1_53' title='bbox 702 800 839 883; x_wconf 76' lang='lat' dir='ltr'><strong>Ornatus</strong></span> <span class='ocrx_word' id='word_1_54' title='bbox 859 800 933 885; x_wconf 81' lang='lat' dir='ltr'><strong>novi</strong></span> <span class='ocrx_word' id='word_1_55' title='bbox 948 810 1032 881; x_wconf 88' lang='lat' dir='ltr'><strong>sunt,</strong></span> <span class='ocrx_word' id='word_1_56' title='bbox 1053 798 1147 867; x_wconf 68' lang='lat' dir='ltr'><strong>rarii,</strong></span> 
     </span>
     <span class='ocr_line' id='line_1_8' title="bbox 145 902 1134 995; baseline 0.005 -31"><span class='ocrx_word' id='word_1_57' title='bbox 145 911 233 983; x_wconf 87' lang='lat' dir='ltr'><strong>sunt,</strong></span> <span class='ocrx_word' id='word_1_58' title='bbox 257 913 330 968; x_wconf 89' lang='lat' dir='ltr'><strong>sunt</strong></span> <span class='ocrx_word' id='word_1_59' title='bbox 347 902 407 993; x_wconf 90' lang='lat' dir='ltr'><strong>ipsi</strong></span> <span class='ocrx_word' id='word_1_60' title='bbox 424 928 555 986; x_wconf 85' lang='lat' dir='ltr'><strong>novom,</strong></span> <span class='ocrx_word' id='word_1_61' title='bbox 582 916 656 971; x_wconf 90' lang='lat' dir='ltr'><strong>sunt</strong></span> <span class='ocrx_word' id='word_1_62' title='bbox 674 907 781 970; x_wconf 81' lang='lat' dir='ltr'><strong>decem</strong></span> <span class='ocrx_word' id='word_1_63' title='bbox 799 912 1058 969; x_wconf 73' lang='lat' dir='ltr'><strong>ornamentorum</strong></span> <span class='ocrx_word' id='word_1_64' title='bbox 1081 926 1134 995; x_wconf 73' lang='lat' dir='ltr'><strong>gs</strong></span> 
     </span>
     <span class='ocr_line' id='line_1_9' title="bbox 144 1004 1137 1109; baseline 0.007 -42"><span class='ocrx_word' id='word_1_65' title='bbox 144 1026 241 1090; x_wconf 80' lang='lat' dir='ltr'><strong>usra3</strong></span> <span class='ocrx_word' id='word_1_66' title='bbox 266 1029 339 1071; x_wconf 88' lang='lat' dir='ltr'><strong>oum</strong></span> <span class='ocrx_word' id='word_1_67' title='bbox 357 1006 420 1073; x_wconf 89' lang='lat' dir='ltr'><strong>suis</strong></span> <span class='ocrx_word' id='word_1_68' title='bbox 437 1008 526 1074; x_wconf 81' lang='lat' dir='ltr'><strong>novis</strong></span> <span class='ocrx_word' id='word_1_69' title='bbox 543 1008 704 1081; x_wconf 84' lang='lat' dir='ltr'><strong>ornatibus</strong></span> <span class='ocrx_word' id='word_1_70' title='bbox 722 1008 932 1101; x_wconf 72' lang='lat' dir='ltr'><strong>maximopere</strong></span> <span class='ocrx_word' id='word_1_71' title='bbox 949 1004 1063 1109; x_wconf 83' lang='lat' dir='ltr'><strong>placet,</strong></span> <span class='ocrx_word' id='word_1_72' title='bbox 1083 1006 1137 1075; x_wconf 72' lang='lat' dir='ltr'><strong>aad</strong></span> 
     </span>
     <span class='ocr_line' id='line_1_10' title="bbox 143 1106 620 1202; baseline 0.019 -31"><span class='ocrx_word' id='word_1_73' title='bbox 143 1106 231 1181; x_wconf 88' lang='lat' dir='ltr'><strong>illius</strong></span> <span class='ocrx_word' id='word_1_74' title='bbox 245 1121 350 1181; x_wconf 81' lang='lat' dir='ltr'><strong>vetera</strong></span> <span class='ocrx_word' id='word_1_75' title='bbox 365 1111 441 1202; x_wconf 88' lang='lat' dir='ltr'><strong>quid</strong></span> <span class='ocrx_word' id='word_1_76' title='bbox 458 1106 620 1186; x_wconf 75' lang='lat' dir='ltr'><strong>dicemus?</strong></span> 
     </span>
     <span class='ocr_line' id='line_1_11' title="bbox 541 1138 822 1295; baseline -0.025 -11"><span class='ocrx_word' id='word_1_77' title='bbox 541 1217 652 1284; x_wconf 86' lang='lat' dir='ltr'><strong>Ode</strong></span> <span class='ocrx_word' id='word_1_78' title='bbox 695 1218 755 1295; x_wconf 68' lang='grc'><strong>4.]</strong></span> <span class='ocrx_word' id='word_1_79' title='bbox 738 1138 822 1291; x_wconf 38' lang='lat' dir='ltr'><strong>hdo</strong></span> 
     </span>
     <span class='ocr_line' id='line_1_12' title="bbox 208 1314 1134 1403; baseline 0.002 -20"><span class='ocrx_word' id='word_1_80' title='bbox 208 1316 339 1387; x_wconf 80' lang='lat' dir='ltr'><strong>Securos</strong></span> <span class='ocrx_word' id='word_1_81' title='bbox 357 1331 478 1387; x_wconf 87' lang='lat' dir='ltr'><strong>nostrae</strong></span> <span class='ocrx_word' id='word_1_82' title='bbox 495 1318 608 1386; x_wconf 84' lang='lat' dir='ltr'><strong>fractae</strong></span> <span class='ocrx_word' id='word_1_83' title='bbox 628 1331 717 1403; x_wconf 69' lang='lat' dir='ltr'><strong>sumt,</strong></span> <span class='ocrx_word' id='word_1_84' title='bbox 737 1342 860 1386; x_wconf 84' lang='lat' dir='ltr'><strong>secures</strong></span> <span class='ocrx_word' id='word_1_85' title='bbox 881 1330 1003 1384; x_wconf 88' lang='lat' dir='ltr'><strong>nostrae</strong></span> <span class='ocrx_word' id='word_1_86' title='bbox 1019 1314 1134 1385; x_wconf 71' lang='lat' dir='ltr'><strong>sraoua</strong></span> 
     </span>
     <span class='ocr_line' id='line_1_13' title="bbox 144 1421 1133 1517; baseline 0.003 -30"><span class='ocrx_word' id='word_1_87' title='bbox 144 1433 225 1487; x_wconf 81' lang='lat' dir='ltr'><strong>sunt.</strong></span> <span class='ocrx_word' id='word_1_88' title='bbox 250 1423 554 1517; x_wconf 84' lang='lat' dir='ltr'><strong>Toheou-kong</strong></span> <span class='ocrx_word' id='word_1_89' title='bbox 571 1425 606 1491; x_wconf 90' lang='lat' dir='ltr'><strong>in</strong></span> <span class='ocrx_word' id='word_1_90' title='bbox 621 1436 708 1517; x_wconf 87' lang='lat' dir='ltr'><strong>parte</strong></span> <span class='ocrx_word' id='word_1_91' title='bbox 727 1422 872 1490; x_wconf 87' lang='lat' dir='ltr'><strong>orientali</strong></span> <span class='ocrx_word' id='word_1_92' title='bbox 890 1421 1011 1488; x_wconf 88' lang='lat' dir='ltr'><strong>bellum</strong></span> <span class='ocrx_word' id='word_1_93' title='bbox 1025 1434 1133 1495; x_wconf 80' lang='lat' dir='ltr'><strong>contra</strong></span> 
     </span>
     <span class='ocr_line' id='line_1_14' title="bbox 143 1520 1132 1619; baseline 0.004 -30"><span class='ocrx_word' id='word_1_94' title='bbox 143 1524 274 1592; x_wconf 76' lang='lat' dir='ltr'><strong>rebelles</strong></span> <span class='ocrx_word' id='word_1_95' title='bbox 291 1530 402 1617; x_wconf 86' lang='lat' dir='ltr'><strong>gessit,</strong></span> <span class='ocrx_word' id='word_1_96' title='bbox 420 1542 512 1618; x_wconf 88' lang='lat' dir='ltr'><strong>atquo</strong></span> <span class='ocrx_word' id='word_1_97' title='bbox 530 1530 573 1594; x_wconf 89' lang='lat' dir='ltr'><strong>ita</strong></span> <span class='ocrx_word' id='word_1_98' title='bbox 589 1541 725 1619; x_wconf 59' lang='lat' dir='ltr'><strong>{summor</strong></span> <span class='ocrx_word' id='word_1_99' title='bbox 738 1553 838 1619; x_wconf 78' lang='lat' dir='ltr'><strong>regna</strong></span> <span class='ocrx_word' id='word_1_100' title='bbox 853 1538 959 1617; x_wconf 70' lang='lat' dir='ltr'><strong>pacato</strong></span> <span class='ocrx_word' id='word_1_101' title='bbox 972 1527 1008 1593; x_wconf 87' lang='lat' dir='ltr'><strong>in</strong></span> <span class='ocrx_word' id='word_1_102' title='bbox 1026 1520 1132 1593; x_wconf 75' lang='lat' dir='ltr'><strong>officio</strong></span> 
     </span>
     <span class='ocr_line' id='line_1_15' title="bbox 143 1622 1133 1723; baseline 0.007 -31"><span class='ocrx_word' id='word_1_103' title='bbox 143 1641 278 1695; x_wconf 84' lang='lat' dir='ltr'><strong>manent.</strong></span> <span class='ocrx_word' id='word_1_104' title='bbox 309 1632 401 1703; x_wconf 80' lang='lat' dir='ltr'><strong>Quod</strong></span> <span class='ocrx_word' id='word_1_105' title='bbox 418 1632 472 1696; x_wconf 90' lang='lat' dir='ltr'><strong>ille</strong></span> <span class='ocrx_word' id='word_1_106' title='bbox 490 1638 611 1697; x_wconf 88' lang='lat' dir='ltr'><strong>nostro&#39;s</strong></span> <span class='ocrx_word' id='word_1_107' title='bbox 625 1631 702 1699; x_wconf 85' lang='lat' dir='ltr'><strong>volit</strong></span> <span class='ocrx_word' id='word_1_108' title='bbox 718 1622 812 1697; x_wconf 83' lang='lat' dir='ltr'><strong>solari</strong></span> <span class='ocrx_word' id='word_1_109' title='bbox 831 1630 969 1714; x_wconf 79' lang='lat' dir='ltr'><strong>labores,¹</strong></span> <span class='ocrx_word' id='word_1_110' title='bbox 988 1630 1133 1723; x_wconf 85' lang='lat' dir='ltr'><strong>idipsius</strong></span> 
     </span>
     <span class='ocr_line' id='line_1_16' title="bbox 143 1733 839 1829; baseline 0.003 -30"><span class='ocrx_word' id='word_1_111' title='bbox 143 1735 253 1825; x_wconf 76' lang='lat' dir='ltr'><strong>ungui</strong></span> <span class='ocrx_word' id='word_1_112' title='bbox 270 1733 369 1801; x_wconf 88' lang='lat' dir='ltr'><strong>animi</strong></span> <span class='ocrx_word' id='word_1_113' title='bbox 383 1744 607 1829; x_wconf 75' lang='lat' dir='ltr'><strong>argumentum</strong></span> <span class='ocrx_word' id='word_1_114' title='bbox 625 1735 766 1826; x_wconf 73' lang='lat' dir='ltr'><strong>proiecto</strong></span> <span class='ocrx_word' id='word_1_115' title='bbox 785 1747 839 1801; x_wconf 80' lang='lat' dir='ltr'><strong>est</strong></span> 
     </span>
    </p>
   </div>
   <div class='ocr_carea' id='block_1_5' title="bbox 142 1922 1135 2133">
    <p class='ocr_par' dir='ltr' id='par_1_5' title="bbox 142 1922 1135 2133">
     <span class='ocr_line' id='line_1_17' title="bbox 207 1922 1135 2025; baseline 0.006 -28"><span class='ocrx_word' id='word_1_116' title='bbox 207 1922 481 2008; x_wconf 60' lang='lat' dir='ltr'><strong>Seoures&#39;i&#39;rostraa</strong></span> <span class='ocrx_word' id='word_1_117' title='bbox 498 1932 612 2003; x_wconf 81' lang='lat' dir='ltr'><strong>fractae</strong></span> <span class='ocrx_word' id='word_1_118' title='bbox 632 1946 721 2018; x_wconf 87' lang='lat' dir='ltr'><strong>sunt,</strong></span> <span class='ocrx_word' id='word_1_119' title='bbox 747 1934 907 2007; x_wconf 81' lang='lat' dir='ltr'><strong>contracta</strong></span> <span class='ocrx_word' id='word_1_120' title='bbox 922 1932 1135 2025; x_wconf 74' lang='lat' dir='ltr'><strong>otiam&#39;jaoula</strong></span> 
     </span>
     <span class='ocr_line' id='line_1_18' title="bbox 142 2034 1135 2133; baseline 0.008 -34"><span class='ocrx_word' id='word_1_121' title='bbox 142 2046 257 2101; x_wconf 84' lang='lat' dir='ltr'><strong>nostra.</strong></span> <span class='ocrx_word' id='word_1_122' title='bbox 281 2034 466 2113; x_wconf 78' lang='lat' dir='ltr'><strong>Toireou-</strong></span> <span class='ocrx_word' id='word_1_123' title='bbox 472 2039 580 2133; x_wconf 82' lang='lat' dir='ltr'><strong>kong</strong></span> <span class='ocrx_word' id='word_1_124' title='bbox 598 2056 705 2113; x_wconf 80' lang='lat' dir='ltr'><strong>versa&#39;as</strong></span> <span class='ocrx_word' id='word_1_125' title='bbox 722 2041 873 2105; x_wconf 75' lang='lat' dir='ltr'><strong>orientem</strong></span> <span class='ocrx_word' id='word_1_126' title='bbox 891 2036 1010 2105; x_wconf 83' lang='lat' dir='ltr'><strong>bellum</strong></span> <span class='ocrx_word' id='word_1_127' title='bbox 1025 2053 1135 2107; x_wconf 83' lang='lat' dir='ltr'><strong>contra</strong></span> 
     </span>
    </p>
   </div>
   <div class='ocr_carea' id='block_1_6' title="bbox 141 2138 1136 2531">
    <p class='ocr_par' dir='ltr' id='par_1_6' title="bbox 141 2138 1136 2519">
     <span class='ocr_line' id='line_1_19' title="bbox 142 2138 1134 2262; baseline 0.007 -58"><span class='ocrx_word' id='word_1_128' title='bbox 142 2138 273 2207; x_wconf 85' lang='lat' dir='ltr'><strong>rebelles</strong></span> <span class='ocrx_word' id='word_1_129' title='bbox 287 2140 414 2221; x_wconf 71' lang='lat' dir='ltr'><strong>bellavit</strong></span> <span class='ocrx_word' id='word_1_130' title='bbox 430 2156 461 2211; x_wconf 84' lang='lat' dir='ltr'><strong>et</strong></span> <span class='ocrx_word' id='word_1_131' title='bbox 474 2158 611 2247; x_wconf 74' lang='lat' dir='ltr'><strong>quatuor</strong></span> <span class='ocrx_word' id='word_1_132' title='bbox 627 2168 726 2262; x_wconf 82' lang='lat' dir='ltr'><strong>regna</strong></span> <span class='ocrx_word' id='word_1_133' title='bbox 745 2146 782 2229; x_wconf 79' lang='lat' dir='ltr'><strong>(i.</strong></span> <span class='ocrx_word' id='word_1_134' title='bbox 797 2168 823 2209; x_wconf 87' lang='lat' dir='ltr'><strong>a.</strong></span> <span class='ocrx_word' id='word_1_135' title='bbox 842 2142 1032 2237; x_wconf 88' lang='lat' dir='ltr'><strong>imperium)</strong></span> <span class='ocrx_word' id='word_1_136' title='bbox 1050 2168 1134 2211; x_wconf 85' lang='lat' dir='ltr'><strong>oom-</strong></span> 
     </span>
     <span class='ocr_line' id='line_1_20' title="bbox 142 2234 1136 2345; baseline 0.004 -35"><span class='ocrx_word' id='word_1_137' title='bbox 142 2234 265 2335; x_wconf 76' lang='lat' dir='ltr'><strong>pomis,</strong></span> <span class='ocrx_word' id='word_1_138' title='bbox 289 2248 481 2345; x_wconf 80' lang='lat' dir='ltr'><strong>pacavitque.</strong></span> <span class='ocrx_word' id='word_1_139' title='bbox 526 2250 655 2319; x_wconf 73' lang='lat' dir='ltr'><strong>Quod</strong></span> <span class='ocrx_word' id='word_1_140' title='bbox 635 2247 782 2341; x_wconf 84' lang='lat' dir='ltr'><strong>prinoeps</strong></span> <span class='ocrx_word' id='word_1_141' title='bbox 800 2274 835 2315; x_wconf 87' lang='lat' dir='ltr'><strong>sa</strong></span> <span class='ocrx_word' id='word_1_142' title='bbox 854 2248 893 2315; x_wconf 86' lang='lat' dir='ltr'><strong>sit</strong></span> <span class='ocrx_word' id='word_1_143' title='bbox 909 2271 986 2339; x_wconf 87' lang='lat' dir='ltr'><strong>erga</strong></span> <span class='ocrx_word' id='word_1_144' title='bbox 1001 2272 1061 2315; x_wconf 87' lang='lat' dir='ltr'><strong>uos</strong></span> <span class='ocrx_word' id='word_1_145' title='bbox 1076 2248 1136 2314; x_wconf 88' lang='lat' dir='ltr'><strong>hu·</strong></span> 
     </span>
     <span class='ocr_line' id='line_1_21' title="bbox 141 2332 1135 2531; baseline 0.01 -121"><span class='ocrx_word' id='word_1_146' title='bbox 141 2348 311 2531; x_wconf 51' lang='lat' dir='ltr'><strong>gnogncitlggsg,</strong></span> <span class='ocrx_word' id='word_1_147' title='bbox 343 2352 376 2418; x_wconf 83' lang='lat' dir='ltr'><strong>id</strong></span> <span class='ocrx_word' id='word_1_148' title='bbox 399 2351 448 2417; x_wconf 81' lang='lat' dir='ltr'><strong>itti</strong></span> <span class='ocrx_word' id='word_1_149' title='bbox 476 2332 673 2471; x_wconf 79' lang='lat' dir='ltr'><strong>splendorem</strong></span> <span class='ocrx_word' id='word_1_150' title='bbox 695 2377 865 2445; x_wconf 85' lang='lat' dir='ltr'><strong>magnum,</strong></span> <span class='ocrx_word' id='word_1_151' title='bbox 902 2350 1029 2418; x_wconf 85' lang='lat' dir='ltr'><strong>decus&#39;</strong></span> <span class='ocrx_word' id='word_1_152' title='bbox 1019 2374 1135 2444; x_wconf 78' lang='lat' dir='ltr'><strong>ingens</strong></span> 
     </span>
    </p>
   </div>
   <div class='ocr_carea' id='block_1_7' title="bbox 137 2640 1168 3657">
    <p class='ocr_par' dir='ltr' id='par_1_7' title="bbox 139 2640 1136 3160">
     <span class='ocr_line' id='line_1_22' title="bbox 173 2640 1136 2747; baseline 0.001 -26.033"><span class='ocrx_word' id='word_1_153' title='bbox 173 2640 338 2726; x_wconf 73' lang='lat' dir='ltr'><strong>,Seoures</strong></span> <span class='ocrx_word' id='word_1_154' title='bbox 356 2666 480 2729; x_wconf 83' lang='lat' dir='ltr'><strong>nostrae</strong></span> <span class='ocrx_word' id='word_1_155' title='bbox 500 2654 615 2723; x_wconf 83' lang='lat' dir='ltr'><strong>fractae</strong></span> <span class='ocrx_word' id='word_1_156' title='bbox 633 2666 706 2729; x_wconf 82' lang='lat' dir='ltr'><strong>sunt</strong></span> <span class='ocrx_word' id='word_1_157' title='bbox 715 2703 726 2739; x_wconf 87' lang='lat'><strong><em>,</em></strong></span> <span class='ocrx_word' id='word_1_158' title='bbox 756 2656 896 2747; x_wconf 81' lang='lat' dir='ltr'><strong>disrupta</strong></span> <span class='ocrx_word' id='word_1_159' title='bbox 914 2654 1136 2747; x_wconf 80' lang='lat' dir='ltr'><strong>etiam&#39;lignea</strong></span> 
     </span>
     <span class='ocr_line' id='line_1_23' title="bbox 141 2756 1136 2853; baseline 0.006 -33"><span class='ocrx_word' id='word_1_160' title='bbox 141 2756 252 2843; x_wconf 78' lang='lat' dir='ltr'><strong>jacula,</strong></span> <span class='ocrx_word' id='word_1_161' title='bbox 296 2757 597 2853; x_wconf 81' lang='lat' dir='ltr'><strong>Toheou·l‹ong</strong></span> <span class='ocrx_word' id='word_1_162' title='bbox 622 2761 660 2825; x_wconf 89' lang='lat' dir='ltr'><strong>ad</strong></span> <span class='ocrx_word' id='word_1_163' title='bbox 688 2760 841 2830; x_wconf 73' lang='lat' dir='ltr'><strong>orientem</strong></span> <span class='ocrx_word' id='word_1_164' title='bbox 868 2772 978 2833; x_wconf 86' lang='lat' dir='ltr'><strong>contra</strong></span> <span class='ocrx_word' id='word_1_165' title='bbox 1000 2760 1136 2827; x_wconf 83' lang='lat' dir='ltr'><strong>rebelles</strong></span> 
     </span>
     <span class='ocr_line' id='line_1_24' title="bbox 140 2861 1136 2957; baseline 0.005 -32"><span class='ocrx_word' id='word_1_166' title='bbox 140 2861 311 2952; x_wconf 85' lang='lat' dir='ltr'><strong>pugnavit,</strong></span> <span class='ocrx_word' id='word_1_167' title='bbox 335 2873 366 2929; x_wconf 85' lang='lat' dir='ltr'><strong>et</strong></span> <span class='ocrx_word' id='word_1_168' title='bbox 380 2874 515 2952; x_wconf 87' lang='lat' dir='ltr'><strong>quatuor</strong></span> <span class='ocrx_word' id='word_1_169' title='bbox 533 2888 634 2954; x_wconf 88' lang='lat' dir='ltr'><strong>regna</strong></span> <span class='ocrx_word' id='word_1_170' title='bbox 646 2862 841 2957; x_wconf 67' lang='lat' dir='ltr'><strong>pacificarit3</strong></span> <span class='ocrx_word' id='word_1_171' title='bbox 868 2866 952 2954; x_wconf 80' lang='lat' dir='ltr'><strong>quod</strong></span> <span class='ocrx_word' id='word_1_172' title='bbox 971 2862 1025 2928; x_wconf 82' lang='lat' dir='ltr'><strong>illo</strong></span> <span class='ocrx_word' id='word_1_173' title='bbox 1043 2864 1136 2930; x_wconf 84' lang='lat' dir='ltr'><strong>nobis</strong></span> 
     </span>
     <span class='ocr_line' id='line_1_25' title="bbox 139 2964 1166 3105; baseline 0.005 -76"><span class='ocrx_word' id='word_1_174' title='bbox 139 2964 278 3056; x_wconf 84' lang='lat' dir='ltr'><strong>benigno</strong></span> <span class='ocrx_word' id='word_1_175' title='bbox 294 2969 430 3050; x_wconf 81' lang='lat' dir='ltr'><strong>studeat,</strong></span> <span class='ocrx_word' id='word_1_176' title='bbox 454 2965 487 3033; x_wconf 83' lang='lat' dir='ltr'><strong>id</strong></span> <span class='ocrx_word' id='word_1_177' title='bbox 503 2980 588 3041; x_wconf 85' lang='lat' dir='ltr'><strong>certo</strong></span> <span class='ocrx_word' id='word_1_178' title='bbox 608 2993 647 3034; x_wconf 82' lang='lat' dir='ltr'><strong>ex</strong></span> <span class='ocrx_word' id='word_1_179' title='bbox 666 2967 764 3059; x_wconf 87' lang='lat' dir='ltr'><strong>ipsius</strong></span> <span class='ocrx_word' id='word_1_180' title='bbox 782 2969 880 3043; x_wconf 84' lang='lat' dir='ltr'><strong>animi</strong></span> <span class='ocrx_word' id='word_1_181' title='bbox 898 2966 1048 3105; x_wconf 74' lang='lat' dir='ltr'><strong>egregiis</strong></span> <span class='ocrx_word' id='word_1_182' title='bbox 1070 2966 1166 3034; x_wconf 78' lang='lat' dir='ltr'><strong>luu-</strong></span> 
     </span>
     <span class='ocr_line' id='line_1_26' title="bbox 140 3067 468 3160; baseline 0.003 -24"><span class='ocrx_word' id='word_1_183' title='bbox 140 3067 230 3136; x_wconf 73' lang='lat' dir='ltr'><strong>dibu·</strong></span> <span class='ocrx_word' id='word_1_184' title='bbox 245 3069 468 3160; x_wconf 85' lang='lat' dir='ltr'><strong>proficiscitur.</strong></span> 
     </span>
    </p>

    <p class='ocr_par' dir='ltr' id='par_1_8' title="bbox 137 3159 1139 3657">
     <span class='ocr_line' id='line_1_27' title="bbox 545 3159 729 3232; baseline 0 -7"><span class='ocrx_word' id='word_1_185' title='bbox 545 3159 656 3231; x_wconf 82' lang='lat' dir='ltr'><strong>Ode</strong></span> <span class='ocrx_word' id='word_1_186' title='bbox 699 3160 729 3232; x_wconf 82' lang='grc'><strong>5</strong></span> 
     </span>
     <span class='ocr_line' id='line_1_28' title="bbox 148 3186 1139 3399; baseline 0.004 -57"><span class='ocrx_word' id='word_1_187' title='bbox 148 3314 151 3319; x_wconf 94' lang='grc'>-</span> <span class='ocrx_word' id='word_1_188' title='bbox 204 3278 368 3349; x_wconf 76' lang='lat' dir='ltr'><strong>Quomodo</strong></span> <span class='ocrx_word' id='word_1_189' title='bbox 392 3280 530 3345; x_wconf 85' lang='lat' dir='ltr'><strong>caeditur</strong></span> <span class='ocrx_word' id='word_1_190' title='bbox 555 3279 701 3399; x_wconf 66' lang='lat' dir='ltr'><strong>iignum,</strong></span> <span class='ocrx_word' id='word_1_191' title='bbox 731 3186 1003 3365; x_wconf 70' lang='lat' dir='ltr'><strong>unds(seour1s)</strong></span> <span class='ocrx_word' id='word_1_192' title='bbox 1026 3302 1139 3346; x_wconf 85' lang='lat' dir='ltr'><strong>mauu·</strong></span> 
     </span>
     <span class='ocr_line' id='line_1_29' title="bbox 137 3378 1168 3472; baseline 0.004 -29"><span class='ocrx_word' id='word_1_193' title='bbox 137 3378 255 3451; x_wconf 73' lang='lat' dir='ltr'><strong>onum</strong></span> <span class='ocrx_word' id='word_1_194' title='bbox 261 3380 474 3448; x_wconf 84' lang='lat' dir='ltr'><strong>conficiatur?</strong></span> <span class='ocrx_word' id='word_1_195' title='bbox 496 3382 569 3449; x_wconf 86' lang='lat' dir='ltr'><strong>id</strong></span> <span class='ocrx_word' id='word_1_196' title='bbox 545 3406 611 3448; x_wconf 82' lang='lat' dir='ltr'><strong>sane</strong></span> <span class='ocrx_word' id='word_1_197' title='bbox 629 3406 733 3448; x_wconf 79' lang='lat' dir='ltr'><strong>secura</strong></span> <span class='ocrx_word' id='word_1_198' title='bbox 722 3382 816 3448; x_wconf 83' lang='lat' dir='ltr'><strong>{ieri</strong></span> <span class='ocrx_word' id='word_1_199' title='bbox 836 3406 901 3447; x_wconf 93' lang='lat' dir='ltr'><strong>non</strong></span> <span class='ocrx_word' id='word_1_200' title='bbox 913 3382 1023 3472; x_wconf 72' lang='lat' dir='ltr'><strong>potest.</strong></span> <span class='ocrx_word' id='word_1_201' title='bbox 1049 3384 1168 3454; x_wconf 69' lang='lat' dir='ltr'><strong>Quo·</strong></span> 
     </span>
     <span class='ocr_line' id='line_1_30' title="bbox 137 3482 1139 3605; baseline 0.009 -60"><span class='ocrx_word' id='word_1_202' title='bbox 137 3482 338 3577; x_wconf 54' lang='lat' dir='ltr'><strong>modowor</strong></span> <span class='ocrx_word' id='word_1_203' title='bbox 366 3482 520 3553; x_wconf 82' lang='lat' dir='ltr'><strong>ducitur?</strong></span> <span class='ocrx_word' id='word_1_204' title='bbox 551 3488 618 3551; x_wconf 89' lang='lat' dir='ltr'><strong>sine</strong></span> <span class='ocrx_word' id='word_1_205' title='bbox 641 3487 825 3577; x_wconf 76' lang='lat' dir='ltr'><strong>nuptiarum</strong></span> <span class='ocrx_word' id='word_1_206' title='bbox 849 3486 1053 3605; x_wconf 73' lang='lat' dir='ltr'><strong>conciliatore</strong></span> <span class='ocrx_word' id='word_1_207' title='bbox 1080 3498 1139 3561; x_wconf 63' lang='lat' dir='ltr'><strong>out</strong></span> 
     </span>
     <span class='ocr_line' id='line_1_31' title="bbox 137 3580 678 3657; baseline 0.009 -6"><span class='ocrx_word' id='word_1_208' title='bbox 137 3580 351 3655; x_wconf 84' lang='lat' dir='ltr'><strong>eonciliatrioo</strong></span> <span class='ocrx_word' id='word_1_209' title='bbox 374 3590 406 3657; x_wconf 87' lang='lat' dir='ltr'><strong>id</strong></span> <span class='ocrx_word' id='word_1_210' title='bbox 427 3615 492 3657; x_wconf 90' lang='lat' dir='ltr'><strong>non</strong></span> <span class='ocrx_word' id='word_1_211' title='bbox 509 3591 678 3656; x_wconf 77' lang='lat' dir='ltr'><strong>obtinetur.</strong></span> 
     </span>
    </p>
   </div>
   <div class='ocr_carea' id='block_1_8' title="bbox 0 0 1190 4334">
    <p class='ocr_par' dir='ltr' id='par_1_9' title="bbox 0 0 1190 4334">
     <span class='ocr_line' id='line_1_32' title="bbox 0 0 1190 4334; baseline 0 1"><span class='ocrx_word' id='word_1_212' title='bbox 0 0 1190 4334; x_wconf 95' lang='lat' dir='ltr'><strong> </strong></span> 
     </span>
    </p>
   </div>
  </div>
 </body>
</html>
