2370 4334
51 220 55 232 “
90 174 93 179 ⁵
123 156 201 298 aaa)x
479 219 554 285 rm
569 218 616 283 ΠΙ.
648 171 770 288 ΟΜ

120 398 219 480 adest,
251 420 324 461 omn
345 392 482 471 virtutis
496 392 633 457 stadium
654 390 797 482 negligas
817 418 836 456 a
857 392 1000 463 fidelibus
1023 391 1122 461 mini·

17 530 20 535 ·
122 501 193 571 aab
214 512 249 587 et·
266 498 369 590 dignis
389 495 552 589 praefectis
574 496 736 561 destitutos
757 519 798 563 es.
864 536 868 543 ·

158 670 160 675 ’
188 671 239 738 Sic
261 662 529 761 Onon-ouang
550 669 655 734 dolore
677 667 834 758 pereitus:
864 667 943 733 heu!
974 667 1040 735 heu
1063 668 1124 735 tibi

126 766 282 867 dynastiae
309 775 353 838 In
382 784 436 838 aut
464 772 598 865 Chang
628 772 811 865 imperator,
844 784 879 836 tu
906 785 1016 839 contra
1039 772 1123 837 coeli

121 882 300 946 mandatum
327 879 401 943 vino
428 878 583 960 madidus,
617 876 680 941 oris
703 875 808 943 colore
829 887 966 957 mutato,
1001 875 1123 941 scelera
1154 921 1159 927 -

122 995 291 1075 perpetras.
328 981 721 1071 Tuinteipsopeccas,
744 1004 896 1050 manaan
918 992 1049 1068 vespere
1073 979 1122 1045 ni-

122 1087 170 1154 hil
191 1110 297 1168 curas,
320 1086 424 1152 ebrius
446 1087 544 1150 noctis
566 1085 688 1177 vigilias
711 1084 777 1176 agis
799 1096 831 1150 et
852 1096 1031 1177 temporum
1045 1081 1122 1150 vici-

122 1191 180 1260 bus
202 1191 332 1260 inversis
355 1190 437 1258 diem
458 1189 551 1257 habes
572 1214 631 1281 pro
653 1201 753 1253 nocte.

542 1319 697 1333 -ᾷ

128 1416 133 1427 “
187 1390 241 1456 Sic
267 1390 546 1482 Ouen·.ouang
580 1387 755 1454 vehementi
784 1386 891 1453 dolore
924 1401 1122 1454 commotus:

122 1492 204 1561 heu!
227 1494 290 1559 heu
312 1495 368 1561 tibi
389 1494 544 1585 dynastiae
567 1495 609 1556 ln
631 1503 683 1557 aut
706 1493 731 1556 C
739 1492 838 1581 hang
859 1492 1052 1581 imperator,
1085 1504 1122 1558 tu

86 1588 92 1597 ’
124 1597 288 1663 similises
310 1599 447 1681 cicadae,
469 1599 518 1665 vel
541 1622 637 1688 aquae
659 1596 833 1681 bullientis3
856 1619 905 1660 res
916 1596 1045 1684 imperii
1056 1595 1123 1660 sive

124 1725 255 1791 parrae,
287 1702 350 1769 sire
376 1726 506 1794 magnae
535 1705 573 1768 ad
604 1701 777 1789 proximam
807 1701 931 1784 ruinam
956 1710 1122 1791 vergunt3
1176 1765 1178 1769 Α

5 1830 9 1839 ·
124 1803 266 1872 homines
285 1817 387 1870 tamen
408 1828 472 1871 non
495 1806 587 1869 aliam
608 1816 747 1897 pergunt
768 1805 866 1884 mam,
889 1828 991 1893 neque
1011 1805 1051 1867 ab
1073 1804 1123 1869 in*

125 1921 237 2000 coepto
259 1910 425 1996 desistunt3
454 1932 559 1976 omnes
582 1909 615 1973 in
636 1908 769 1998 imperio
792 1908 1019 1998 indignantur,
1043 1932 1124 1999 quo-

125 2037 198 2081 rum
220 2013 254 2077 in
283 2014 345 2079 dies
378 2014 488 2079 crescit
509 2012 713 2105 'indignati03
744 2036 903 2104 regnaque
932 2022 1040 2080 extera
1068 2010 1125 2077 val

125 2116 193 2211 ipsa
214 2117 428 2209 indignantur.
1074 2112 1079 2117 ⁸

545 2211 701 2223 ——--

191 2290 243 2355 Sia
265 2290 550 2381 Onon-oneng:
573 2289 653 2357 heu!
676 2289 740 2354 heu
756 2288 813 2354 tibi
833 2287 988 2377 dynastiae
1007 2288 1050 2353 ln
1065 2300 1124 2354 aut

127 2391 259 2483 Cbang
281 2404 466 2484 (postrema)
488 2394 674 2482 imperator!
708 2392 837 2460 Summo
860 2416 968 2458 rerum
989 2393 1140 2485 domino

125 2507 157 2562 et
177 2497 361 2563 dominatori
388 2521 442 2562 sua
470 2509 542 2561 sunt
570 2508 644 2561 stata
672 2507 820 2586 tempora.
876 2496 934 2561 Sed
957 2494 1003 2561 ln
1025 2497 1123 2587 dyma-

125 2599 200 2667 stiae
222 2600 391 2689 imperator
419 2599 630 2690 antiquitatem
658 2624 722 2664 non
751 2600 881 2666 adhibet.
934 2600 1025 2680 Esto,
1054 2625 1124 2665 non

125 2704 188 2769 sint
208 2704 266 2771 tibi
288 2704 422 2771 seniores
445 2717 476 2770 et
497 2704 671 2796 gravissimi
692 2703 754 2770 riri
765 2752 776 2786 ‚
809 2717 840 2769 at
867 2704 949 2771 enim
975 2728 1043 2769 non
1072 2706 1123 2770 de-

125 2818 199 2875 sunt
220 2807 304 2899 leges
326 2820 357 2876 et
377 2820 460 2875 reeta
482 2809 643 2900 regiminis
666 2808 766 2876 forma
789 2835 881 2900 quam
909 2835 926 2873 a
947 2808 1123 2897 majoribus
1154 2858 1158 2863 -

126 2910 267 2977 traditam
283 2912 451 3001 ‘accepisti3
474 2936 551 3003 quae
574 2936 646 2977 oum
669 2913 774 2980 omnia
795 2913 954 3003 negligas,
976 2911 1123 3003 nihilque

125 3015 250 3101 audias3
272 3014 405 3106 imperio
427 3029 481 3082 tuo
503 3017 649 3082 ultimum
665 3017 808 3082 imminet
824 3017 952 3084 exitium
966 3028 996 3081 et
1011 3017 1122 3108 ingen·

128 3131 189 3188 tam
211 3120 322 3207 (coeli)
344 3120 482 3188 favorem
502 3121 591 3186 brevi
614 3122 740 3190 amittes.
796 3200 799 3209 ,
1042 3112 1046 3119 ¹

191 3295 243 3359 Sic
263 3295 522 3385 Ouen-ouang
543 3296 700 3384 dynastiae
719 3293 893 3359 vestraein
912 3304 966 3359 aut
980 3292 1122 3384 Chang

125 3397 221 3463 diotae
249 3411 364 3465 sortem
391 3397 586 3488 deplorabat:
616 3423 680 3463 vox
710 3410 754 3463 est
776 3399 861 3478 trita,
890 3396 1067 3487 inquiebat,
1092 3408 1127 3461 et

125 3515 292 3592 pervagata
318 3527 397 3594 quiae
424 3502 485 3568 ait:
517 3501 664 3569 inclinata
689 3516 735 3568 est
764 3503 876 3584 arbor,
909 3503 971 3587 jam
1001 3501 1123 3580 cecidit,

127 3605 195 3690 ejus
223 3606 338 3672 radiees
369 3606 511 3688 avulsae,
543 3609 596 3673 sed
624 3607 704 3673 rami
733 3607 799 3695 ejus
821 3616 852 3671 et
872 3603 997 3670 frondes
1021 3602 1123 3671 adhue

5 3800 9 3804 .
126 3707 249 3778 illaesae
270 3723 450 3795 remanent3
479 3712 568 3801 prius
590 3723 693 3777 autem
715 3711 781 3797 ejus
802 3709 1021 3798 praecidentur
1042 3707 1124 3773 radi-

127 3836 197 3880 eess
220 3812 328 3879 infelix
343 3815 495 3902 dynastia,
518 3841 581 3883 non
603 3841 620 3882 a
642 3827 671 3880 te
687 3813 800 3905 procul
821 3813 926 3881 aberat
947 3811 1123 3902 speculum,

1174 3182 1179 3213 l
