2370 4334
248 180 254 215 ·.
348 235 466 301 doru.
487 232 625 299 Paaslll.
649 233 768 304 cmc.
895 188 897 193 s
994 246 1056 307 505

58 409 248 498 ὀιίςίιιιιιις
281 406 377 473 simili
408 404 513 472 fabula
544 407 776 472 commendatur
793 407 907 498 origo.
922 406 1058 473 farniliae

69 514 212 601 Chang
238 508 628 592 ut2videbitur>i1derium
660 521 693 576 et
712 510 869 600 dynastiae
895 523 1060 602 sequentes
1115 500 1136 564 5

67 617 117 681 his
140 615 256 680 artibus
276 638 349 680 usae
371 625 450 680 sunt.
483 613 609 678 Tartari
630 613 706 703 ipsi,
729 614 785 703 qui
806 639 891 681 nunc
911 629 1060 707 regnant„
1129 692 1133 699 .

66 743 171 785 nonne
183 724 322 784 asserunt
334 717 435 809 gentis
447 741 518 782 suae
528 717 686 807 originem
695 718 795 806 repeti
807 719 963 808 avirgine,
977 743 1056 810 qaino
1109 758 1113 781 1

66 820 156 888 nullo
172 822 233 887 riri
249 821 403 886 consortio
422 816 565 911 peperit?
588 821 631 886 sic
646 819 751 909 audivi
764 846 783 885 a
793 830 882 911 patre
895 824 1052 889 Parrenin.

130 926 314 1016 lnterpretes
342 923 491 1015 plerique¹
512 923 593 988 hanc
615 922 753 988 fabulam
771 918 939 1012 rejiciuntJ
971 927 1060 993 claro
1090 984 1092 993 ,
1162 952 1167 959 ·

65 1042 169 1095 tamen
189 1029 319 1118 rejicere
339 1051 404 1091 non
426 1029 548 1092 audent
576 1026 651 1108 Alii,
673 1026 821 1109 videmus,
843 1029 999 1118 inquiunt,
1018 1030 1053 1095 in

64 1132 173 1199 rerum
193 1126 304 1197 iaatma
324 1130 537 1222 generationes
559 1128 735 1218 mirabiles;
756 1131 848 1197 initio
864 1133 974 1198 mundi
987 1133 1052 1222 pri-

63 1241 133 1303 mus
155 1236 249 1301 homo
271 1247 353 1301 certe
374 1233 463 1300 aliter
484 1234 609 1329 genitus
637 1245 681 1307 est
708 1258 744 1299 ac
765 1234 906 1300 homines
928 1236 1051 1302 caeteri.

62 1336 190 1408 Animal
203 1338 269 1404 lli·
274 1338 364 1428 ling
384 1349 416 1403 et
431 1340 523 1404 draco
540 1337 628 1402 aliter
644 1361 679 1403 ac
692 1338 747 1402 bos
764 1349 794 1402 ct
807 1339 909 1428 piscis.
933 1339 1051 1410 Quidni

61 1445 113 1511 vir
134 1439 372 1541 sanctusJaliter
394 1441 560 1533 gignetur,
590 1465 625 1506 ac
645 1442 760 1532 vulgus
780 1438 972 1507 hominum?
1006 1443 1051 1510 lta
1140 1426 1142 1435 ¹

60 1548 111 1612 illi
137 1547 338 1636 interpretes,
375 1569 511 1636 quorum
538 1545 647 1609 modus
676 1544 823 1635 loquendi
851 1545 940 1612 nobis
967 1545 1055 1614 riam

59 1650 134 1718 facit
155 1652 192 1715 ad
212 1649 447 1739 praedicandam
467 1647 713 1713 incarnationem
735 1648 860 1714 Christi.

123 1754 253 1843 lliang
281 1752 376 1843 hujus
400 1750 541 1818 mulieris
569 1775 725 1841 agnomen
754 1763 785 1818 et
814 1742 923 1818 Yuen
949 1753 1048 1844 ipsius

30 1850 182 1923 ‘nomen
226 1857 276 1921 Ab
304 1854 489 1959 imperatore
512 1854 626 1920 Chin-
633 1879 742 1947 nong
765 1855 896 1921 oriunda
923 1869 989 1923 erat
1018 1871 1049 1924 et

58 1960 128 2030 viro
149 1962 187 2025 de
207 1959 334 2024 nomine
357 1958 483 2023 Yeou·
489 1965 545 2022 tat
566 1970 721 2049 nupserat.

121 2063 294 2153 Imperator
314 2062 396 2127 Yao
417 2060 560 2163 principi
588 2063 719 2127 Heou·
726 2063 777 2128 tsi
807 2062 889 2131 hanc
909 2042 1050 2158 regio·

56 2191 139 2233 nem
160 2168 235 2231 Τιϊ
255 2164 411 2266 attibuit,
443 2176 577 2277 propter
601 2167 667 2254 ejus
694 2166 882 2256 praeclara
883 2168 993 2261 merita
1014 2182 1046 2236 et

55 2268 271 2361 agriculturae
293 2269 466 2343 scientiam.

25 2463 28 2475 Ι
120 2373 278 2440 Sacrificio
298 2370 468 2465 peculiaria
495 2346 628 2440 instituit
652 2374 688 2439 in
714 2374 844 2466 regione
872 2379 951 2467 quae
981 2372 1047 2515 ipsi

55 2478 240 2566 subjacebat
315 2488 318 2492 '
1133 2498 1135 2503 ’

118 2581 166 2648 Ρι
186 2581 281 2669 hujus
302 2581 464 2673 propriam
485 2581 550 2650 vim
570 2580 721 2648 nesciunt.
853 2586 898 2669 ³'J
971 2548 993 2623 s·
1040 2594 1049 2627 1

453 2685 572 2751 Ode.
615 2705 647 2749 ‘2.

294 2792 352 2843 Post
366 2800 463 2859 peracta
479 2790 614 2858 parentalia
631 2791 797 2843 convivantur.
850 2804 865 2813 '⁴
927 2798 944 2828 ¹³
979 2800 1005 2831 ·'
1033 2802 1037 2817 '

117 2878 218 2941 Sunt
238 2901 351 2943 arcus
373 2889 429 2944 eto.
473 2877 548 2942 Post
564 2888 724 2966 peractum
752 2877 929 2946 convivium
950 2904 982 2946 se
1003 2883 1037 2949 in

17 3034 20 3051 ,
53 2979 225 3070 sagittando
248 2992 406 3062 exercent,
429 2981 512 3069 quod
533 2979 701 3045 etiamnum
721 2982 874 3048 usuvenit

115 3085 192 3149 Τιἰ·
212 3083 326 3149 dicitur
347 3083 503 3174 aquaticus
525 3107 649 3173 porcus.

453 3187 565 3261 Ode
607 3185 636 3251 5.

12 3326 15 3330 ·
115 3290 260 3380 Hospites
288 3291 376 3383 regi,
412 3289 468 3381 qui
498 3313 550 3355 eos
579 3289 720 3356 convivio
752 3288 887 3381 excepit,
918 3260 1033 3382 gratias

50 3405 151 3486 againt
171 3407 241 3483 post
261 3407 328 3461 acta
349 3382 525 3484 parentalia.
767 3440 770 3446 -

111 3498 161 3564 De
181 3522 305 3588 puero
326 3498 431 3565 Chi
422 3524 456 3563 ιιι
477 3482 701 3590 parentalibusJ
722 3496 781 3564 vid.
793 3508 856 3561 not.
868 3496 947 3562 inll.
963 3523 988 3564 ι.
1000 3500 1051 3566 6.·

1134 2278 1145 2311 l

446 3602 557 3668 Ode
601 3612 630 3678 4.

107 3705 241 3770 Peractis
272 3705 480 3795 parentalibus
511 3706 560 3771 die
587 3715 710 3794 postera
740 3698 914 3770 meminisse
947 3707 1032 3795 juvat

45 3808 253 3899 parentalium
274 3821 440 3875 concentus
460 3809 585 3892 musici,
607 3819 637 3875 et
657 3806 738 3907 inter
759 3809 987 3909 se'epulantur.
