2370 4334
344 239 455 312 Nocte
477 262 509 301 rr
530 237 641 336 Penei.
665 237 784 306 cmc.
839 270 844 301 ·.
915 248 920 265 ‘
999 248 1062 310 eet
1106 242 1111 249 ¹

136 411 186 480 na
201 433 242 478 aa
262 411 393 477 minua
414 411 459 477 aa
479 410 576 476 aaran
597 410 682 479 suar*
698 409 825 477 naar
841 393 1014 477 crassae

108 515 320 613 Antiquitas
341 516 433 581 Sinae
454 515 504 582 rel
526 516 593 607 ipsi.
608 515 738 582 litterati
760 516 1067 607 ugittamataruma
1135 580 1138 585 ⁴

68 629 204 685 tractare
226 620 359 686 studiose
379 620 553 706 discebant3
583 621 678 711 idque
706 619 741 684 in
766 643 856 686 more
877 631 943 686 erat
963 631 1000 685 ut
1020 642 1067 684 re·
1109 638 1112 644 ·

69 747 145 795 cens
165 735 240 788 nato
260 747 361 814 puero
382 727 420 790 ad
441 725 525 792 domi
546 724 648 789 valvas
670 748 779 804 arcum
790 735 831 789 ‘et
852 724 996 814 sagittam
1018 746 1069 809 att·

68 828 257 918 sponderent
276 828 310 892 in
332 828 459 918 signum
474 851 581 893 recens
602 826 668 893 nati
688 827 814 895 futurae
835 828 870 893 in
891 843 969 898 arou
989 837 1067 893 trac-

20 964 23 969 *
68 933 166 999 tendo
185 931 375 1022 diligentiae.
426 932 633 1035 Discipljpam
654 930 822 998 militarem
843 931 961 997 samari
981 954 1069 996 cura·
1122 961 1126 968 ·

68 1035 147 1101 bant
166 1047 198 1102 et
218 1038 282 1102 dux
304 1035 459 1117 militum,
479 1035 594 1100 milites
609 1040 684 1101 suos
700 1035 962 1118 adlevenationem,
985 1035 1069 1126 quod

69 1131 139 1207 erat
158 1140 342 1205 exercitium
353 1139 505 1223 militare,
520 1141 672 1221 ducendo,
695 1139 879 1225 attendebat,
901 1151 938 1229 ut
955 1138 1069 1204 milites

69 1243 246 1312 venationis
271 1243 400 1335 regulas
427 1244 492 1310 'rite
521 1255 697 1325 servarent,
728 1244 811 1308 unde
840 1234 918 1307 belli
945 1242 1068 1333 legibue

69 1371 182 1438 parere
204 1348 365 1412 discerent.
409 1347 552 1414 Multum
573 1347 737 1438 ponebant.
751 1347 786 1413 in
801 1341 933 1413 'nribm
948 1345 1069 1427 militis,

69 1453 139 1539 ejus
160 1452 302 1541 ccrproris
323 1451 520 1533 dexteritate,
555 1463 585 1517 et
616 1451 752 1542 regendi·
779 1465 892 1519 curma
924 1450 1068 1545 militaris

67 1554 203 1622 wlartia
232 1555 393 1619 Exercitus
415 1579 479 1620 non
501 1554 604 1620 solum
625 1557 764 1646 equitatu
786 1567 817 1622 et
838 1580 991 1620 curruum
1012 1577 1065 1643 ap

67 1670 183 1752 paratu
204 1661 255 1725 sed
276 1659 414 1748 peditatu
437 1659 529 1724 etiam
551 1661 717 1725 constabat.
761 1652 1062 1752 Regulilconfo'ede·

15 1824 18 1828 ,
68 1763 131 1830 rati
152 1764 190 1828 ad
209 1762 329 1828 bellum
342 1787 505 1830 commune
521 1765 697 1856 gerendum
714 1760 822 1830 foedus
838 1764 983 1831 ineuntes
997 1761 1068 1852 jure

67 1868 202 1958 jurando
223 1866 315 1932 fidem
337 1891 424 1933 suam
446 1870 506 1933 sibi
528 1869 781 1959 obstringebant,
804 1870 936 1958 pecudes
956 1878 1066 1931 macta-

68 1972 163 2067 bant,
185 1973 370 2062 sanguinem
391 1973 537 2062 potabunt
559 1985 590 2036 et
611 1974 801 2062 quicumque
822 1970 915 2036 fidem
935 1969 1066 2037 violatu-

68 2099 125 2143 rus
147 2087 241 2156 esset,
262 2077 468 2165 precabantur
490 2076 519 2140 ei
534 2075 680 2140 maximas
702 2098 816 2165 poenae
839 2100 856 2139 a
878 2097 1066 2141 summare
1141 2142 1149 2157 .

68 2203 151 2247 rum.
171 2180 297 2267 domino
318 2180 388 2245 Deo
410 2181 602 2270 infligendas.
656 2177 806 2244 Formula
837 2179 915 2264 juris
942 2175 1066 2265 jurandi

68 2284 154 2374 quod
174 2285 378 2372 praestabant,
392 2296 510 2349 testem
532 2282 716 2374 appellando
738 2283 842 2349 Deum
865 2282 1066 2364 scribebat-ur,-
1116 2352 1122 2365 .
1171 2312 1176 2317 .

10 2409 12 2413 ’
67 2387 258 2452 recitabatur
288 2400 320 2452 et
348 2388 596 2453 comburebatur.
630 2389 733 2451 'Ante
761 2411 855 2476 quam
884 2387 921 2450 ad
949 2383 1068 2467 bellum

69 2490 342 2582 proficiscerentur
365 2517 382 2556 a
403 2492 472 2557 Deo
495 2503 560 2556 erat
588 2491 778 2582 principium
809 2489 903 2571 belli,
936 2482 1068 2554 et'c'oeli

70 2595 202 2658 domino
224 2594 411 2660 sacrificium
436 2595 562 2660 solenne
584 2595 745 2660 faciebant.
790 2595 895 2660 Causa·
910 2592 1068 2682 belli‘pro

76 2696 263 2789 imperatore
284 2698 468 2789 plerumque
481 2701 770 2787 ¹eratTartarorum
792 2710 823 2763 et
844 2698 977 2762 aliorum
999 2696 1067 2759 bar·

68 2802 237 2882 berorum,
267 2801 317 2868 vel
340 2805 423 2893 quod
444 2804 574 2895 regulus
596 2802 719 2891 imperii
740 2802 919 2891 imperatori
941 2801 1066 2893 cliente

70 2905 133 2971 lam
149 2906 308 2996 profiteri,
332 2902 413 2972 etin
426 2906 528 2972 aulam
548 2907 689 2998 obsequii
706 2931 796 2971 causa
806 2907 914 2972 venire
925 2915 1065 2995 negaret.

28 3026 40 3033 ’
136 3010 254 3101 Reguli
276 3011 369 3076 etiam
390 3012 474 3076 inter
495 3034 526 3076 se
548 3013 667 3100 privata
694 3013 844 3102 gerebant
870 3010 951 3074 bella
984 3007 1065 3084 (tale

70 3119 117 3180 est
137 3114 257 3181 bellum
285 3117 321 3180 de
351 3141 413 3205 quo
441 3116 499 3180 hac
522 3118 601 3191 ode)
633 3116 696 3181 sive
727 3137 798 3180 omn
828 3114 975 3179 facultate
997 3113 1082 3176 'sive-

68 3218 157 3284 nulla
185 3219 332 3285 facultate
359 3219 585 3310 imperatorias
608 3221 784 3308 Aliquando
805 3219 977 3306 imperator
996 3215 1064 3303 ipse

18 3394 21 3399 ,
69 3324 241 3388 exercitum
262 3323 408 3407 ducebat,
439 3322 605 3413 aliquando
626 3348 711 3405 non,
741 3335 817 3386 tunc
838 3322 947 3384 ducem
968 3318 1067 3383 alium

69 3427 221 3491 exercitui
243 3426 449 3515 praeficiebat,
472 3427 546 3493 alias
568 3428 736 3519 regulum,
766 3425 839 3489 alias
861 3423 979 3506 alium3
1009 3422 1064 3514 qui

67 3542 175 3597 autem
196 3532 235 3597 ab
256 3532 444 3620 imperatore
456 3533 626 3622 imperator
637 3531 791 3596 exercitus
803 3524 1063 3618 praeponebatur,

68 3659 148 3700 arcu
177 3647 208 3700 at
233 3637 343 3726 sagitta
371 3636 559 3727 plerumque
587 3637 626 3700 ab
655 3635 843 3723 imperatore
865 3631 1043 3697 donabatur
1053 3655 1068 3714 ς·

70 3739 173 3804 securi
194 3751 301 3807 autem
321 3753 353 3804 et
374 3741 451 3817 falce
468 3743 659 3820 donabatur,
682 3736 857 3802 cumnutla
872 3759 940 3826 spes
954 3736 1061 3802 veniae

67 3843 236 3910 rebellibus
258 3844 500 3934 relinquebatur.
