2370 4334
433 241 507 304 Paas
524 239 570 304 lll.
606 222 676 306 Car.
690 256 720 315 s.
1012 252 1073 311 169

79 416 182 502 jacet!
203 419 492 503 quamtremendus,
515 420 780 509 quam'rerendus
802 429 847 483 est
868 437 1007 482 summas
1029 424 1075 478 te·

85 543 163 584 rum
183 519 564 607 dominusetdominator,
588 526 676 613 cujus
693 521 821 588 consilia
843 522 890 599 (in
907 518 1077 610 penaiciem

84 634 243 700 nostram)
272 623 401 689 maxime
423 626 581 695 inclinant.
631 627 764 693 Coelum
785 625 963 691 hominibus
983 612 1078 697 sitam

52 749 55 753 ·
85 725 211 809 indidit,
244 726 337 816 hujus
370 743 472 795 tamen
503 730 613 801 fauori¹
631 756 696 797 non
723 741 883 808 (temere)
910 727 1076 809 fidendum.

86 831 207 909 Omnes
230 832 353 899 initium
374 833 500 926 aliquod
521 836 658 910 (virtutis
669 833 757 900 nobis
770 834 893 909 insitae)
914 828 1077 913 habemus3

86 935 333 1027 quotusquisque
360 949 463 1003 autem
484 940 645 1013 (virtutem
667 937 754 1004 illam
774 932 962 1012 inchoatam)
984 957 1079 1024 opere

60 1080 64 1087 ·
86 1037 226 1128 complet
247 1051 277 1104 et
299 1042 335 1105 ad
357 1041 471 1108 exitum
493 1039 657 1132 perducit?

507 1190 661 1201 ...ῳ-...-

156 1274 241 1340 Olim
263 1276 407 1368 princeps
423 1278 692 1371 Ouen-ouang
713 1280 746 1343 in
766 1277 897 1368 suspiria
913 1298 1076 1365 erumpens

88 1378 137 1443 sic
156 1380 325 1469 dynastiam
347 1379 386 1445 ln
409 1394 461 1448 aut
484 1382 749 1473 Chang‘dictam
770 1384 911 1471 (ejusque
932 1380 1078 1445 ultimum

88 1484 232 1573 Regem)
254 1484 475 1573 compellabat:
491 1503 530 1550 'o
552 1486 660 1550 infelix
689 1489 842 1577 dynastia!
884 1485 947 1558 Qui
975 1483 1012 1548 fit
1032 1492 1078 1562 ut,

88 1586 149 1676 qui
170 1584 325 1676 publicam
346 1611 413 1654 rem
435 1590 646 1655 administrant
668 1602 698 1655 et
719 1592 766 1657 rei
786 1590 911 1680 imperii
925 1587 1079 1679 gerendae

87 1692 258 1782 praepositi
279 1703 368 1773 sunt,
398 1706 545 1784 potestate
567 1719 621 1760 sua
641 1695 675 1760 in
696 1694 887 1785 populorum
907 1691 1079 1783 perniciem

88 1797 168 1861 adeo
189 1796 371 1878 abutantur,
393 1797 532 1864 crudeles
551 1801 674 1890 tyranni
694 1798 886 1890 populorum
908 1819 982 1885 opes
1004 1795 1079 1859 adeo

89 1899 291 1966 exhauriant!
314 1913 344 1966 et
366 1902 488 1971 coelum
508 1928 574 1968 non
595 1904 671 1969 alios
693 1929 785 1993 quarn
806 1899 945 1965 imbelles
967 1909 998 1962 et
1017 1896 1079 1962 rir-

89 2015 158 2069 tute
180 2006 254 2069 adeo
280 2007 366 2073 tenui
392 2006 476 2072 viros
503 2007 660 2096 proferat!
692 2018 727 2071 tu
748 2005 804 2071 tibi
826 2015 909 2070 tanta
930 2002 1011 2067 mala
1032 2023 1079 2066 ao-

90 2108 242 2175 cersivisti
264 2092 374 2201 hisque
394 2108 458 2176 dux'
476 2134 533 2200 per
556 2121 584 2175 te
602 2109 767 2199 praeiristi.
1111 2096 1114 2101 ⁵

510 2255 665 2267 ...ι-..ιι

144 2348 211 2463 'pia
233 2363 506 2455 Onon-ouang
535 2364 709 2452 suspirans:
742 2360 807 2426 heu
838 2359 894 2426 tibi
910 2357 1080 2448 'dynastiae

91 2468 139 2532 In
161 2478 213 2532 aut
235 2467 373 2558 Chang
395 2468 544 2544 (ultime)
565 2468 749 2556 imperator,
777 2476 880 2555 partes
901 2475 973 2528 tuae
994 2472 1082 2526 erant

92 2572 268 2663 proborum
288 2573 430 2639 virorum
451 2597 547 2663 opera
567 2571 631 2657 uti,
654 2573 705 2637 sed
727 2593 804 2662 qsaos
826 2568 964 2649 adhibes,
986 2566 1081 2655 iipo

90 2668 200 2741 testate
222 2700 276 2741 sua
298 2675 332 2739 in
354 2676 524 2765 perniciem
552 2675 710 2765 publicam
737 2674 924 2757 abutuntur,
958 2671 1001 2736 sic
1028 2669 1081 2733 ho

91 2779 218 2873 ninum
239 2779 385 2843 invidiam
407 2779 582 2860 incurristi,
615 2803 693 2871 quae
721 2800 867 2868 responsa
887 2774 954 2840 dari
982 2797 1082 2853 curas,

86 2898 131 2949 ‘ea
152 2888 189 2949 ad
210 2908 278 2948 rem
300 2883 380 2948 nihil
401 2881 538 2969 faciunt,
559 2872 726 2972 praedones
749 2893 779 2947 et
800 2879 947 2972 harpyiae
964 2879 999 2943 in
1011 2876 1083 2942 aula

91 3001 272 3070 versantur,
295 3000 386 3078 atque
407 2989 450 3054 ita
471 2989 504 3053 in
526 2986 686 3052 maledicta
707 2998 738 3051 et
755 2986 962 3050 execrationes
984 3006 1082 3072 popu·

92 3093 145 3159 lus
166 3092 200 3158 in
220 3105 251 3158 te
271 3092 466 3182 prorumpit,
497 3091 665 3182 nullusque
694 3103 739 3157 est
759 3089 829 3156 finis
851 3088 967 3153 horum
987 3084 1082 3150 malo·

93 3223 181 3279 rum,
203 3199 313 3264 modus
334 3194 450 3261 nullus.
911 3202 915 3212 “

161 3416 213 3481 Sic
235 3399 502 3505 Ouen-ouang
523 3414 698 3503 suspirans:
726 3411 806 3490 heu,
828 3407 891 3471 beu
913 3402 970 3468 tibi
992 3404 1084 3492 dyna-

96 3520 170 3585 stiae
192 3520 237 3584 ln
258 3531 313 3583 aut
335 3518 474 3609 Chang
495 3516 654 3593 (ultime)
682 3514 870 3606 imperator!
893 3520 939 3572 'tu
959 3507 1084 3598 imperii

95 3627 209 3690 damno
231 3624 331 3714 magis
353 3625 512 3714 magisque
534 3620 713 3686 invalescis:
745 3614 853 3680 virtuti
875 3612 977 3695 ducis,
1000 3613 1083 3704 quod

96 3730 240 3794 omnium
262 3729 380 3793 animos
403 3728 435 3792 in
458 3717 487 3793 te
510 3722 720 3793 concitaveris.
765 3718 846 3785 Cum
869 3718 1013 3782 virtutem
1035 3738 1085 3778 ex-

98 3834 200 3899 colere
223 3831 303 3896 nihil
326 3856 427 3913 cures,
450 3830 556 3897 nullus
569 3857 595 3895 -a
617 3841 723 3918 tergo,
745 3824 848 3891 nullus
871 3824 928 3891 tibi
950 3847 968 3887 a
989 3821 1088 3891 latore
