2370 4334
125 232 188 295 ιιι
275 300 279 309 .
350 262 353 267 ·
403 224 513 291 Norae
536 223 701 290 rnPar'al.
725 223 843 293 ema.

514 396 544 463 Ο
574 399 596 463 d
627 420 645 462 e
698 421 725 464 ι.
798 370 805 397 ¹
902 440 906 461 ·.
973 432 977 449 ι

192 516 315 587 Mulier
336 518 373 584 de
395 518 464 584 viro
486 539 557 601 auo,
579 519 632 584 cui
652 496 1099 609 invisaerat‚coni1ueritur.
1173 534 1176 539 ·

533 646 638 725 Ode
673 640 711 723 '22

192 777 330 845 Haece.
351 779 409 846 ode
438 779 481 845 ito
509 790 546 845 ut
572 802 597 844 ι
641 777 722 847 facta
742 803 806 847 ease
827 779 943 845 dicitur
968 802 989 845 a
1009 777 1132 875 regina

127 878 369 974 Tchouang-
374 880 497 974 kiaug
519 905 613 978 quam
634 884 728 975 regni
750 883 852 950 Ouei
874 880 1125 1000 reguluaduxe·

126 995 176 1050 rat
196 983 231 1049 in
256 1009 387 1051 uxorem
415 998 447 1052 et
477 988 514 1052 de
540 987 641 1078 gradu
669 987 776 1053 uxoria
805 998 835 1052 et
863 948 992 1077 reginae
1018 997 1124 1076 postea

126 1089 304 1156 deturbavit
323 1101 454 1181 propter
475 1114 614 1155 amorem
635 1115 697 1180 quo
716 1091 923 1157 concubinam
936 1084 1027 1156 Τιϊ-
1016 1090 1125 1155 -ouei

127 1214 216 1261 tuem
237 1193 404 1284 deperibat.
440 1193 581 1290 Regulus
604 1194 657 1259 ille
680 1207 747 1260 erat
767 1193 1010 1303 Tchouaug-
998 1194 1125 1286 -laong

127 1295 322 1389 quivivebat
338 1323 388 1363 an.
397 1309 459 1363 ant.
472 1297 548 1364 Chr.
564 1290 643 1387 7555
666 1288 1123 1397 etregnnreincepitambd.

191 1398 376 1468 Viridem
404 1401 585 1470 colorem
614 1394 720 1484 floc'ci‚
749 1403 866 1468 flavum
887 1415 994 1469 autem
1015 1401 1125 1495 magni

126 1500 247 1570 faciunt
268 1504 370 1569 Sinae.

193 1607 359 1680 Quaelibet
384 1610 524 1699 dymmtia
552 1633 644 1677 auum
672 1610 764 1703 eligit
792 1608 945 1693 colorem,
974 1608 1033 1700 qui
1053 1633 1124 1702 pro·

127 1709 217 1802 priua
239 1711 278 1777 eit
298 1712 454 1801 dynastiae
477 1714 583 1801 color3
605 1714 773 1780 hodiernae
796 1726 841 1779 est
861 1715 959 1779 albus.

533 1853 632 1920 Ode
677 1857 705 1919 3

1091 1798 1108 1833 Ι

193 1971 555 2067 Tchouong-kiang
585 1975 622 2038 de
654 2000 716 2065 qua
745 1975 887 2065 superius
919 1975 998 2039 eine'
1017 1973 1123 2038 liberie

128 2076 321 2142 conuabinae
343 2078 520 2143 Tui-ouei
549 2078 649 2145 dictae
676 2077 780 2157 filium
801 2079 838 2144 de
860 2078 987 2143 nomine
1011 2068 1123 2143 Ouan

127 2179 189 2246 sibi
209 2180 244 2246 in
265 2180 368 2246 filium
389 2182 559 2272 adoptavit,
588 2182 644 2273 qui
672 2184 794 2272 parenti
821 2195 947 2248 mortuo
970 2182 1124 2263 succeseit,

128 2285 181 2351 aed
202 2310 268 2353 non
298 2285 342 2351 ita
370 2285 470 2351 multo
499 2298 570 2376 poet
599 2312 616 2351 a
643 2286 739 2351 fratre
772 2310 828 2351 suo
850 2284 1126 2379 Tcheou-hiu

129 2388 249 2454 occisus
272 2401 317 2455 est
337 2401 585 2480 usurpatamque
605 2414 750 2481 regnum.
774 2389 877 2454 Occisi
897 2388 1005 2478 reguli
1026 2400 1125 2453 mater

129 2491 314 2560 Tei-ouei
335 2492 448 2580 procul
469 2495 663 2575 amandetur,
697 2519 791 2583 quam
813 2493 977 2557 obeuntem
1000 2492 1125 2557 comita·

129 2604 184 2661 tur
204 2594 316 2685 regina
335 2593 709 2687 Tchouang-kiang
738 2608 769 2660 et
796 2608 841 2661 eat
866 2594 961 2685 hujus
983 2598 1057 2661 odes
1079 2618 1124 2660 ar·

130 2711 327 2790 gumeutum.
394 2746 398 2753 .

196 2801 360 2893 Tchong
394 2815 441 2872 eat
472 2829 626 2895 agnomen
660 2804 851 2870 concubinae
887 2805 976 2892 cujus
1009 2825 1125 2869 nomen

131 2904 331 2973 Tot-ouei.

532 2994 562 3059 Ο
584 2996 605 3060 d
625 3019 642 3059 e
688 3007 717 3071 4.

380 3117 557 3186 Al'8¹¹fl⁵⁰¹1t11111
575 3120 640 3171 idem
658 3137 687 3172 ac
706 3121 745 3171 od.
768 3139 778 3170 ι
800 3129 827 3172 ιι
846 3137 875 3171 ι..
895 3132 908 3153 ··

523 3239 554 3305 O
577 3240 595 3305 d
617 3265 634 3304 e
685 3241 714 3305 5.
740 3260 742 3265 ’
775 3243 779 3251 ’

400 3363 577 3432 Argumentum
594 3364 659 3415 idem
678 3352 743 3430 quod
761 3381 841 3436 supra.

530 3485 714 3587 ⁰⁶⁰5·

195 3603 357 3671 lunone
369 3605 458 3679 aila
476 3605 621 3698 loquens,
643 3606 699 3696 qui
715 3609 753 3671 u
767 3606 887 3673 aarum
903 3588 1128 3699 proficientur.

195 3706 245 3773 De
272 3732 335 3800 quo
360 3710 443 3775 bello
475 3711 528 3797 bic
556 3722 668 3801 agatur
696 3735 763 3778 non
789 3712 898 3778 dieunt
926 3712 1126 3803 intorpretee.

131 3810 264 3879 Videtur
285 3835 349 3878 erae
370 3812 489 3880 bellum
505 3814 671 3905 peculiare.
782 3852 784 3863 =
