2370 4334
103 214 164 263 xrs
443 186 744 335 Paormuorana.

104 365 313 471 cantiones,
351 382 409 437 aas
447 366 661 461 imperatori
697 366 846 437 offerre
864 367 1091 463 tenebantur,

106 486 197 573 quas
224 471 336 571 ‘lectas
367 464 574 564 imperator
605 495 673 541 suo
704 471 866 542 musicae
901 476 1090 568 praesecto

102 568 558 651 tractabatax'arninandas
591 586 628 646 et
665 576 913 649 asservandus.
968 581 1094 674 Impe.

102 692 203 778 rante
230 679 313 753 Pin
332 718 346 732 ·
366 674 547 775 ouang,
575 680 639 775 qui
672 705 765 777 anno
792 671 1091 756 antechristum

105 782 176 881 '771
206 794 358 879 regnare
384 782 520 877 coepit',
547 782 625 881 jam
650 784 712 854 liic
738 809 819 855 mos
849 786 1089 878 obsoleverat,

102 904 217 989 quem
248 886 450 958 Conlucius
485 897 528 958 ut
558 887 765 982 suppleret,
799 889 987 988 ejusmodi
1016 900 1092 964 c'ar·

101 984 249 1101 minium
277 990 529 1063 collectionem
560 992 664 1082 lecit,
700 1016 746 1064 ca
770 1007 894 1065 mente
922 1007 965 1065 ut
992 1022 1091 1090 quaa

100 1097 291 1196 praeclare
318 1097 414 1167 dicta
441 1110 505 1168 aut
530 1095 624 1170 facta
655 1098 709 1169 his
737 1100 966 1170 carminibus
995 1102 1090 1173 cele-

101 1196 282 1290 brantur,
310 1225 442 1272 eorum
463 1203 617 1273 lectione
643 1204 729 1272 suo's
757 1204 804 1274 ad
830 1205 1003 1274 virtutem
1032 1230 1089 1277 ao-

101 1307 293 1394 cenderet,
321 1328 416 1401 quae
436 1318 560 1378 autem
577 1306 676 1377 mala
693 1306 930 1394 referuntur,
949 1309 996 1377 iia·
1012 1336 1089 1380 ma-

99 1412 159 1483 los
187 1410 335 1511 amalo
362 1402 579 1480 deterreret:
608 1435 702 1507 quae
730 1422 853 1481 autem
881 1412 1089 1505 deprehen.

100 1518 156 1589 (lit
184 1515 338 1609 antiqua
365 1514 532 1585 carmina
559 1514 606 1585 ad
627 1517 740 1586 finem
760 1515 830 1587 sibi
848 1516 1087 1610 propositum

100 1622 229 1693 minus
256 1618 442 1706 facientia,
458 1643 513 1690 aa
542 1619 684 1717 abjecit.

133 1758 135 1763 ’
179 1723 343 1797 Secunda
368 1747 455 1816 pars
479 1721 589 1794 Siao
608 1763 626 1782 ·
639 1748 691 1821 ya
723 1724 835 1813 dicta,
867 1728 976 1798 tertia
999 1754 1086 1822 pars

101 1852 199 1928 quae
225 1829 379 1921 'l'a-ya
406 1824 577 1916 dicitur,
599 1826 671 1898 alia
704 1840 788 1899 sunt
814 1832 976 1902 carmina
1005 1834 1088 1927 qui·

98 1936 169 2007 bus
187 1934 302 2033 gentis
330 1931 488 2003 'l’cheo
500 1958 543 2021 u,
572 1933 673 2002 unde
691 1932 856 2026 dynastia
883 1936 1085 2024 Toheou,

99 2040 172 2112 alia
198 2038 335 2136 quibus
361 2035 650 2131 imperatorum,
672 2036 747 2108 alia
776 2039 910 2134 quihus
938 2042 1086 2134 regulo-

98 2139 185 2216 rum
203 2155 240 2215 ct
257 2141 459 2213 illustrium
484 2141 654 2211 virorum
680 2141 808 2212 laudes
828 2143 1062 2214 celebrantur
1070 2173 1084 2236 3

100 2251 174 2322 alia
201 2248 337 2344 quibua
364 2244 484 2341 reguli
513 2256 550 2316 et
567 2258 748 2342 magnates
767 2248 985 2342 imperatori
1004 2275 1084 2343 gra·

98 2357 166 2428 tias
193 2363 323 2450 agunt,
357 2364 421 2422 aut
446 2350 562 2422 fausta
588 2365 854 2447 apprecantur3
891 2354 960 2423 alia
988 2380 1083 2448 quae

95 2461 139 2531 in
167 2457 328 2533 convivio
352 2467 435 2550 post
452 2469 594 2550 peraeta
611 2454 815 2550 parentalia
835 2458 1061 2527 canebantur
1068 2485 1081 2550 3

97 2565 171 2637 alia
204 2573 330 2634 contra
366 2559 633 2653 imperatorem
667 2572 704 2631 ct
734 2560 906 2654 publicae
940 2562 992 2631 rei
1020 2563 1084 2632 ad·

96 2668 405 2743 ministrationem
432 2664 664 2756 scribuntur3
692 2665 734 2734 in
753 2665 836 2735 aliia
856 2664 1082 2760 agricultura

98 2772 401 2858 commendatur,
420 2768 461 2837 in
483 2769 565 2838 aliis
583 2769 734 2864 regendi
754 2770 976 2840 documenta
994 2772 1082 2840 dan-

98 2893 180 2967 tur,
207 2878 246 2948 in
274 2874 354 2945 aliis
383 2873 605 2947 calamitates
623 2874 791 2968 publicae
811 2874 993 2945 deflentur
1011 2885 1079 2946 etc.

176 2985 315 3079 Quarta
342 3003 428 3074 pars
462 2980 579 3074 Song
615 2954 736 3068 atlas,
768 2991 852 3049 sunt
881 2981 1082 3074 parentalia

21 3159 23 3164 .
98 3088 282 3173 carmina,
328 3090 440 3179 quae,
487 3083 576 3154 dum
614 3084 855 3177 imperatores
897 3085 1081 3177 dynastiae

96 3194 133 3263 T
141 3193 289 3264 cheou
316 3201 352 3259 ct
378 3186 501 3280 reguli
516 3240 521 3259 ,
535 3188 574 3257 in
601 3211 714 3283 regno
742 3191 775 3259 L
789 3209 855 3260 ou·
874 3200 1079 3282 regnantes,

97 3313 132 3371 et
151 3296 332 3392 dynastiae
358 3294 514 3388 Chang
540 3292 885 3388 imperatoresavis
914 3293 989 3362 suis
1016 3318 1080 3386 pa·

95 3413 296 3488 cantarent,
318 3399 556 3468 canebantur.
612 3400 822 3485 Caeterum,
847 3396 945 3490 apud
965 3397 1088 3484 Sinas,

96 3507 193 3578 nihil
230 3503 456 3598 ambigitur,
491 3502 581 3597 quin
616 3502 710 3572 liber
742 3503 809 3571 ille
843 3503 1008 3571 sincerus
1044 3513 1079 3571 et

94 3613 235 3706 integer
262 3611 308 3678 ad
333 3609 423 3678 hanc
450 3632 568 3700 usque
597 3619 750 3676 aetatem
777 3605 1007 3701 pervenerit,
1043 3617 1080 3674 et

95 3743 138 3788 ex
164 3716 353 3785 librorum
374 3712 542 3781 incendio
556 3710 948 3799 *incolumiseraseritz
975 3734 1077 3802 prae·

94 3835 151 3893 tar
176 3820 362 3907 uniuersae
389 3815 505 3910 gentis
531 3816 785 3888 testimonium
813 3814 914 3910 quod
941 3814 1078 3885 detrec·
