2370 4334
422 235 498 299 Pons
507 234 548 297 ll
589 233 665 321 Cep.
684 240 715 303 l·
1021 245 1065 306 91

67 396 268 496 gravissimos
273 418 419 496 repetet3
439 406 473 470 in
491 406 554 472 dies
572 382 833 487 numismatum,
855 406 955 472 etlete
970 406 1067 498 serpit

68 510 225 600 pernities
255 511 378 601 ingens.
429 509 519 577 Nihil
544 510 719 631 loquuntur
743 509 856 628 populi
884 508 945 575 nisi
972 509 1067 600 plens

68 613 277 705 querimoniis
299 615 410 694 verbe,
431 638 490 681 neo
511 625 615 679 tomen
636 637 740 704 speum
761 615 811 680 sui
831 613 990 705 poenitet,
1012 624 1068 681 sut

70 739 174 784 mores
196 718 360 783 emendare
381 718 508 810 eogitst.

134 907 276 998 Magnus
297 907 423 999 imperii
449 899 769 988 ministerlmohi,
797 909 823 973 is
844 900 898 974 ille
920 917 985 990 est,
1014 896 1068 973 oui

68 1010 219 1077 innititur
246 1012 385 1101 dynastis
406 1012 577 1077 Toheou.
620 1014 676 1077 Jus
698 1012 818 1077 dicendi
845 1011 1068 1083 etnuotoritss

69 1136 168 1203 pones
189 1104 282 1181 illum
303 1128 367 1182 toto
387 1126 441 1181 est.
477 1116 567 1182 Orbi·
579 1127 736 1181 terrorum
756 1128 802 1180 est
822 1138 882 1205 pro
903 1113 1068 1204 repagulo,

70 1202 258 1307 imperatori
285 1243 345 1309 pro
379 1221 539 1307 adjutore,
572 1219 670 1309 ipsius
702 1232 747 1284 est
775 1216 968 1308 populorum
998 1215 1070 1306 psoi

72 1319 246 1387 oonmlere.
291 1325 373 1400 (dam
395 1347 467 1388 oum
488 1322 592 1388 officie
614 1347 668 1389 suo
681 1322 826 1412 neglexit.
841 1321 912 1404 ille)
935 1319 1069 1385 Coelum

60 1420 243 1515 „augustino
264 1424 351 1490 nullu
372 1449 449 1515 ergo
471 1425 562 1490 illum
583 1427 796 1492 misericordia
817 1434 979 1489 moventur
1002 1412 1070 1513 qui-

70 1528 162 1613 dem3
185 1529 322 1593 sednon
344 1555 402 1619 por
420 1543 483 1610 ost,
505 1529 735 1595 multitudinem
757 1531 790 1595 in
812 1530 895 1595 idem
917 1526 1070 1593 edomito

73 1628 115 1741 tis
135 1618 321 1697 berothrum
342 1632 432 1696 nullo
454 1631 630 1699 discrimine
653 1635 801 1739 demergi.

137 1820 229 1887 Nihil
250 1810 320 1902 scit,
343 1820 422 1886 nihil
443 1823 527 1890 videt
548 1823 624 1943 (neo
645 1849 703 1916 per
725 1840 756 1889 s‘e
778 1838 846 1889 re'm
870 1812 994 1911 imperii
1016 1845 1068 1885 ou·
1131 1850 1136 1863 ·

73 1906 138 2000 rot)
149 1972 160 2005 ‚
190 1914 235 1990 tic
255 1924 392 2015 populus
414 1926 524 1991 nihil
515 1929 576 2019 ipsi
597 1929 673 1993 fidit.
719 1928 837 1991 Covere
860 1926 998 2005 deberet,
1030 1945 1091 1987 ne'

74 2026 168 2093 rebus
190 2033 258 2092 ιιοιι
278 2028 459 2118 disquisitio,
481 2031 683 2121 negotiorum
694 2028 813 2093 nullom
831 2050 938 2092 curam
955 2048 1070 2117 gerens

74 2129 299 2220 imperatorem
322 2133 462 2223 decipiat.
507 2135 609 2225 Aequi
628 2133 766 2222 bonique
789 2128 952 2194 consulens
974 2129 1072 2193 melos

74 2233 279 2325 magistratus
305 2256 436 2302 munere
463 2260 520 2301 ouo
548 2236 673 2324 privare
695 2235 837 2316 deberet3
865 2254 923 2294 neo
945 2240 1003 2318 pe'r
1023 2239 1071 2293 est

76 2347 228 2427 (propter
254 2337 482 2425 praefectorum
508 2335 715 2426 imperitiam)
744 2333 878 2425 populos
904 2333 938 2396 in
967 2331 1073 2396 discri-

76 2462 151 2504 men
168 2439 292 2504 voesri.¹
328 2441 410 2512 Quid
432 2440 573 2505 homines
595 2438 676 2502 nihil
697 2461 806 2502 verum
828 2436 920 2525 periti
942 2457 1074 2500 munero

77 2543 188 2639 gravis
210 2538 377 2608 exercent?
409 2543 605 2633 imperatoris
633 2564 765 2631 generos
795 2539 863 2604 dico
890 2547 921 2602 et
941 2536 1073 2626 impom-

77 2645 166 2712 tricis
188 2636 307 2711 fratres.

145 2845 325 2937 Augustum
339 2834 479 2928 coelum,¹
501 2847 662 2937 requitatis
675 2844 855 2924 immemor,
878 2861 934 2906 nos
946 2827 981 2904 in
990 2825 1074 2905 hone

82 2958 200 3015 tentem
221 2948 425 3016 columitatem
445 2962 542 3016 vocnt.
587 2953 767 3040 Augustum
789 2945 910 3009 coelum
933 2947 994 3032 jem
1016 2943 1073 3006 mi-

62 3053 182 3119 *sereri
209 3068 274 3118 non
296 3066 393 3141 smet3
425 3053 594 3145 imperium
624 3054 706 3139 eoim
733 3050 802 3114 volt
826 3049 960 3139 pessimo
990 3058 1073 3112 stetu

78 3156 262 3247 pessumire.
287 3157 466 3224 Constantes
489 3158 584 3223 enimi
605 3156 665 3222 sint
684 3153 841 3244 principes
862 3152 970 3231 nostri,
995 3161 1073 3213 tuno

81 3259 195 3350 populi
227 3259 410 3325 confir-'moto
435 3259 512 3327 fient
539 3262 651 3326 mimo.
702 3257 771 3323 Sint
796 3254 947 3345 sopientes
974 3249 1074 3314 nostri

81 3363 244 3455 requitatis
266 3376 415 3447 ornantes,
438 3375 513 3429 tunc
533 3365 644 3455 populi
665 3363 726 3426 iras
748 3373 778 3424 et
792 3359 862 3422 odis
876 3358 1040 3445 deponent.

499 3491 656 3504 w

19 3542 36 3599 ⁸
148 3562 182 3628 Si
201 3576 332 3662 augusto
347 3564 436 3631 coelo
454 3578 574 3630 morem
592 3586 657 3626 non
679 3572 837 3650 geramus,
864 3555 936 3647 quis
950 3557 1074 3620 tandem

83 3667 146 3733 erit
166 3656 322 3733 melorum
343 3670 521 3734 nostrorum
540 3654 676 3730 linis?
667 3690 701 3728 ιιι
723 3676 842 3727 menses
863 3659 1004 3751 singulos
1024 3661 1073 3724 de·

84 3758 197 3838 teriori
224 3772 305 3837 stetu
332 3764 434 3836 limus'
477 3750 563 3835 Plebi
589 3769 717 3834 mis'eroe
745 3764 832 3856 quies
856 3764 965 3844 nullo,
998 3773 1073 3851 prus

137 3893 284 3951 Gm·mn.
764 3882 780 3955 7
