2370 4334
157 199 222 299 526
302 187 310 199 x
427 221 570 287 >noim
593 220 736 310 PmslV.
760 221 832 288 Cer.
848 232 877 294 3.

20 354 28 435 i
87 380 89 387 ¹
157 397 449 484 Quantulacumque
472 395 534 461 sint
555 374 677 460 rssiilua
698 385 768 480 ills,⁸
792 374 866 464 simt
885 407 990 465 emen
1010 400 1147 492 antiqui·

157 506 227 574 tatis
248 501 419 566 arnantihus
440 498 585 587 pretiosa.
840 506 865 549 s

223 626 368 714 Regnum
390 619 528 710 Chang
551 631 581 684 et
601 643 736 711 regnum
757 621 865 713 ὅστις
884 624 986 712 posita
1004 638 1095 691 erant
1113 628 1146 692 in

158 727 310 797 limitibus
332 724 500 788 hodiernae
520 722 755 807 Po-tehaou,
776 724 860 818 quod
874 727 1071 794 territorium
1084 732 1145 818 jam

158 844 205 899 est
224 832 257 897 in
278 826 419 895 confiniis
435 827 914 928 provinciermnliiangnan
932 844 964 898 et
980 834 1142 908 Hofnan.

562 968 670 1034 Ode
718 993 744 1034 1.

223 1094 428 1184 Tympana
446 1099 533 1154 orent
554 1088 672 1154 duobus
691 1090 772 1156 ansis
791 1089 955 1157 hincinde
978 1093 1141 1179 instructa3

161 1198 241 1266 nnsis
265 1195 432 1264 intromissi
459 1191 564 1258 bacilli
588 1193 740 1291 agitatum
761 1206 946 1309 tynnpamrpp
971 1197 1141 1287 pulsabant

224 1319 322 1384 Liber
342 1315 451 1382 Li-ti
480 1317 516 1380 do
537 1313 745 1379 saltatione
766 1314 801 1380 in
826 1317 1037 1406 parentalibus
1057 1317 1143 1383 disse·

161 1446 253 1503 rens,
276 1422 320 1487 sio
336 1420 397 1485 aits
420 1419 513 1485 homo
534 1417 640 1483 dolore
655 1442 794 1508 pressus,
813 1422 915 1485 e'undo
932 1431 965 1486 et
979 1423 1143 1502 redeundo,

161 1548 274 1615 corpus
294 1548 384 1590 suum
404 1521 467 1588 hue
488 1533 518 1588 et
535 1521 612 1586 illue
628 1523 785 1608 jactando,
811 1524 968 1606 dolorem,
996 1549 1061 1614 quo
1079 1549 1143 1616 pre·

161 1630 277 1713 mitur,
307 1625 469 1716 exprimit,
504 1626 607 1715 itaque
627 1625 662 1691 in
685 1625 771 1692 luctu
797 1639 829 1693 et
849 1618 1068 1718 parentalibus*
1085 1655 1143 1693 ma·

160 1734 243 1821 jores
265 1728 362 1794 nostri
390 1728 580 1793 saltationem
609 1729 829 1819 instituerunt,
868 1755 948 1822 quae
975 1733 1093 1799 doloris
1115 1744 1143 1798 ot

163 1836 264 1903 luctus
286 1832 410 1923 signum
431 1842 516 1897 esset.
934 1821 943 1830 ⁹
998 1863 1001 1867 ·

94 1964 99 1981 ⁸
173 2016 180 2021 .
221 1956 274 2021 Sic
298 1952 404 2044 porgit
431 1952 519 2017 liber:
539 1951 613 2019 illos
655 1953 786 2020 mortuis
808 1957 989 2047 parentibus
1012 1958 1087 2040 alii,
1115 1969 1143 2022 et

162 2052 398 2151 plurimisunt‚
427 2056 527 2123 dolori
545 2079 601 2120 suo
622 2046 750 2122 modurn
768 2056 891 2123 nullum
912 2060 1070 2153 statu'unt3
1094 2061 1143 2127 elii

162 2187 349 2254 quemquam
367 2162 473 2250 pauci,
499 2161 648 2248 jacturam
664 2172 829 2250 parentum
848 2186 913 2228 non
928 2164 1000 2230 satis
1021 2166 1148 2256 lugsnt3

162 2269 207 2335 sio
226 2269 358 2355 majores
384 2265 482 2330 nostri
508 2264 637 2358 lugendi
660 2262 670 2327 l
731 2287 745 2330 s
773 2274 965 2348 statuerunt,
991 2292 1072 2359 quae
1094 2269 1144 2333 im·

163 2372 320 2439 modicum
354 2369 473 2435 luctum
504 2379 707 2456 temperarant
741 2379 772 2434 et
804 2367 955 2437 leviorem
985 2373 1024 2437 a'd
1043 2400 1046 2407 ·
1053 2374 1144 2462 justos

163 2477 239 2561 finos
259 2475 453 2543 adducerent.

562 2593 744 2659 Odes.
826 2623 828 2626 ¹

23 2738 26 2742 '
135 2769 137 2772 -
228 2719 368 2784 Secunda
393 2727 430 2782 ut
454 2715 556 2806 prima
585 2726 630 2781 ost
658 2713 840 2817 imperatori
863 2693 1183 2810 Tehing-tangss

165 2823 318 2912 parentale
339 2843 473 2886 carmen.
960 2816 963 2823 ’

70 3172 100 3196 '⁴
228 3189 356 3278 Nigra
379 3185 443 3252 avi
463 3197 519 3250 eto.
576 3185 628 3258 Sic¹
648 3184 752 3251 fabula
771 3197 936 3253 narretur:
963 3187 1003 3253 nb
1025 3188 1146 3276 impera-

167 3305 234 3359 tore
255 3291 418 3358 lleo-sin
442 3287 510 3356 'sire
540 3288 658 3353 Ti-ko
683 3312 796 3376 nepos,
830 3291 920 3378 cujus
942 3315 1060 3356 nomen
1081 3290 1145 3356 reti·

166 3409 274 3478 cetur,
313 3398 441 3461 duxerat
467 3391 626 3461 ttien-ti
656 3417 809 3474 uxorem,
844 3418 923 3483 quae
951 3395 1017 3460 sine
1043 3394 1145 3461 liberis

158 3502 242 3566 'dum
261 3499 411 3565 sacrificio
432 3483 552 3565 solenni
572 3497 691 3585 prolem
706 3507 828 3583 precata
856 3499 907 3562 dat
935 3494 1080 3586 operam,
1106 3498 1145 3562 hi-

149 3604 309 3668 ‘nundina
336 3625 432 3668 ovum
458 3605 501 3668 nd«
526 3625 556 3666 se
579 3601 679 3666 dolabi
701 3600 800 3681 sidet,
836 3600 914 3667 illud
940 3594 1092 3686 eomedit,
1120 3611 1145 3664 et

167 3706 248 3794 parit
268 3705 368 3770 filium
387 3707 450 3772 Sit
470 3707 602 3790 dictum,
632 3707 748 3796 dequo
768 3704 860 3771 initio
878 3718 1025 3789 notarum
1039 3707 1079 3774 in'
1093 3706 1145 3772 hoo

167 3811 294 3897 tertium
313 3820 412 3897 caput.
440 3868 441 3872 ,
581 3847 584 3854 ·
