2370 4334
440 255 513 319 Pars
527 251 574 318 111.
611 250 684 316 en.
700 254 732 320 ’3.
1009 254 1071 322 1ιὸ

74 431 204 509 tulerit,
225 441 256 495 et
270 429 328 493 ubi
338 427 446 492 ‘'adsit
436 427 545 493 mtime
563 448 720 513 praesens,
742 426 813 516 quis
834 418 956 491 medem
976 423 1073 492 sciat?
1121 508 1125 519 1

75 536 232 624 Nunquid
255 532 309 597 ille
329 532 395 661 falli
413 527 542 625 potest?
621 544 633 583 ἰ
898 538 908 557 “

506 641 663 655 ,ιιι-.-

147 707 200 771 Tu
224 674 381 773 dominus
385 726 415 770 es
434 715 465 769 et
484 705 566 784 Rex,
595 703 744 769 virtutem
760 703 860 793 igitur
880 702 990 783 colito,
1018 701 1073 781 bc-

78 833 142 875 nus
161 821 254 890 esto,
265 810 380 896 probus
397 820 472 889 esto,
493 808 551 872 tibi
567 820 683 897 tuoque
700 806 812 897 agendi
824 809 918 893 modo
933 805 1075 897 invigila,

77 914 112 993 id
133 936 264 978 cavens
286 912 360 1002 quid
376 911 445 981 vitii
470 912 503 976 in
522 923 574 985 ιιιι
597 910 710 1001 agendi
730 911 849 977 ratione
869 888 1073 998 deprehenda-

78 1029 143 1081 tur.
187 1017 221 1080 ln
243 1029 272 1080 te
289 1015 370 1080 nihil
392 1016 431 1080 sit
448 1015 562 1080 rationi
582 1015 758 1100 dissonum3
785 1015 829 1080 sic
854 1014 921 1087 aliis
942 1013 1074 1100 praeibis
1145 1078 1158 1097 x

80 1120 241 1207 exemplo,
272 1120 356 1209 quod
377 1131 554 1208 sequantur
600 1118 664 1191 Qui
684 1063 763 1182 mihi
788 1117 868 1182 mala
890 1118 1007 1205 persica
1025 1118 1075 1180 de·
1160 1164 1162 1168 ι

81 1224 144 1305 dit,
159 1223 246 1291 huic
267 1248 368 1313 pruna
397 1225 497 1291 offero
522 1235 558 1288 ut
559 1235 721 1314 gratum
733 1223 873 1288 animum
893 1220 1073 1312 significem.

53 1360 56 1364 ·
82 1327 149 1399 Qui
165 1327 264 1392 vitulo
284 1338 336 1412 aut
354 1328 466 1418 agno
455 1320 574 1407 cornua
592 1350 662 1415 esse
675 1327 733 1408 ait,
768 1308 822 1391 ille
841 1323 979 1415 profecto
996 1323 1074 1390 filio-

34 1508 37 1512 ,
80 1433 132 1497 los
150 1455 222 1497 suns
239 1431 272 1521 in
292 1455 433 1495 errorem
452 1430 587 1497 inducit:
614 1441 658 1510 (et
677 1430 765 1515 nulla
782 1454 837 1495 sua
856 1420 989 1517 virtute
992 1429 1074 1515 pritt-

81 1559 171 1622 ceps,
204 1536 258 1624 qui
282 1534 340 1598 sihi
368 1556 497 1598 suorum
525 1534 672 1625 obsequia
696 1547 884 1621 etcinerem
908 1510 1077 1597 conciliare'

79 1636 198 1720 vellet,¹
218 1610 334 1735 irustra
349 1662 482 1751 operam
503 1634 663 1735 perderet,
669 1638 775 1751 altresi
795 1638 821 1704 si
846 1639 984 1729 inagna
1008 1660 1074 1739 cor-

80 1768 148 1810 nua
167 1730 349 1834 quaereret).

122 1914 276 2015 Tenere
295 1961 325 2015 et
343 1948 489 2031 tortuose
501 1944 662 2039 arboris
643 1928 729 2014 ramo
748 1950 846 2015 serica
869 1947 971 2013 lila'
943 1930 1078 2017 clrouhr·

81 2053 171 2120 volvi
190 2067 324 2140 possunt.
366 2055 517 2136 Comites,
540 2022 728 2144 benignitas,
751 2064 781 2117 et
800 2077 876 2143 erga
899 2051 999 2117 alies
990 2054 1076 2116 reve-¹

82 2159 186 2224 rentii
203 2171 275 2224 sunt
291 2159 442 2224 virtutum
464 2158 707 2223 fundamentum
748 2155 938 2244 (Sapientem
957 2167 988 2220 et
1004 2156 1076 2220 atul
1158 2173 1161 2179 ’

81 2276 154 2328 tum
178 2263 274 2345 inter,
297 2262 380 2327 hcc
369 2273 498 2327 interest
511 2261 709 2340 discriminis)
727 2259 863 2346 Sapienti
881 2261 920 2323 do
939 2258 1076 2338 consilia,

22 2456 29 2465 ἢ
83 2388 145 2431 nec
159 2365 283 2449 frustra,
305 2366 359 2430 ille
376 2368 459 2458 quod
471 2367 591 2430 bonum
608 2377 657 2431 est
673 2365 827 2454 sequitur,
851 2361 962 2427 stultus
976 2373 1078 2428 autem

38 2470 41 2475 ’
80 2482 329 2535 memonentem
350 2470 487 2536 falsitatis
505 2482 645 2557 accusat,
668 2467 839 2533 homines
830 2478 872 2532 ιιι
890 2478 980 2550 sunt,
1001 2478 1080 2557 quet

10 2586 14 2595 '
83 2574 200 2661 capita,
223 2587 268 2639 tot
287 2598 400 2640 sensus
451 2632 456 2644 .

29 2743 33 2749 ,
152 2679 236 2743 Heu!
269 2676 367 2741 filioli
382 2679 444 2742 mei
469 2690 553 2743 recta
579 2704 596 2742 a
622 2676 728 2771 pravis
755 2649 915 2741 secernere
938 2677 1078 2739 nondum

76 2781 222 2846 novistis.-
266 2781 336 2869 Ego
352 2788 435 2845 vero
448 2790 517 2846 vos·
521 2790 667 2863 manens,
689 2802 754 2845 non
773 2802 829 2845 ros
848 2791 967 2859 tantum
983 2790 1077 2844 mann

83 2888 183 2965 duco,
215 2884 264 2948 sed
284 2883 408 2974 singula
427 2908 558 2971 moneo;
586 2908 652 2948 non
670 2885 765 2949 modo
787 2908 892 2950 coram
915 2883 1079 2972 praecipio,·

85 2990 140 3053 sed
164 2988 201 3051 ad
222 2989 318 3052 verba
342 3013 410 3053 mea
427 3000 543 3055 vestrm
570 3010 659 3052 aurea
681 2988 782 3080 arrigi
808 3011 894 3053 cure.
939 2990 1030 3076 Nunc
1052 2988 1077 3051 si

84 3091 295 3181 ignorantiam
317 3103 449 3157 vestram
470 3092 652 3173 causemini,
676 3096 772 3176 (vana
784 3104 866 3157 certe
881 3091 940 3155 erit
954 3114 1078 3153 excusa-

84 3196 132 3261 tio
150 3201 270 3275 vestra)
302 3195 356 3284 qui
377 3196 439 3282 jam
466 3207 562 3260 aetate
587 3195 691 3261 adulta
714 3193 788 3260 facti
804 3195 886 3259 filios
907 3193 1078 3257 vestraein

73 3287 159 3366 ‘sinu
179 3298 298 3367 tavena.
343 3299 421 3370 Quia
439 3301 578 3379 tandem,
608 3301 701 3365 modo
723 3322 788 3363 non
816 3296 984 3383 superbus,
1013 3318 1078 3361 non

86 3403 230 3489 sibiipsa
252 3401 384 3489 sapiens,
407 3427 480 3467 cum
505 3404 580 3493 quid
600 3400 776 3469 faciendum
793 3423 884 3464 mane
908 3397 1077 3483 resciverit,

87 3508 127 3575 ad
144 3531 303 3593 vesperam
323 3529 422 3596 usque
439 3531 510 3573 rem
524 3507 671 3595 perficere
686 3498 857 3597 negligat?

506 3652 663 3667 *n—

153 3741 286 3807 Coelum
313 3753 499 3832 augustum,
527 3739 820 3829 perspicacissimum
847 3739 984 3820 coelum,
1018 3762 1076 3803 nes

85 3846 182 3913 vitam
202 3844 356 3911 infelicem
376 3845 526 3911 ducimus.
573 3844 655 3910 Cum
668 3866 798 3935 vosego
819 3843 929 3915 vidum
947 3844 1028 3907 inter
1046 3853 1077 3907 et
1147 3901 1149 3905 .
