2370 4334
130 251 192 311 16²
463 210 603 308 Pm'ttt.
628 194 700 309 cir.
716 259 745 315 2.

129 413 284 483 tamenn
312 415 346 481 in
374 414 489 481 borres
510 418 707 506 congerebat.
751 416 907 483 Placentia
927 418 1114 508 igne-teet
1142 468 1163 476 -

55 602 58 609 ¹
96 584 101 593 ,
128 519 163 584 in
184 520 277 585 saccis
299 520 458 611 utrimque
484 530 537 586 aut
563 546 630 585 uno
652 532 790 587 extremo
811 518 926 611 apin-tis
947 523 1112 590 recondit
1141 560 1159 582 -·

127 625 275 690 servabat.
301 624 459 689 .Suoru1n
487 623 586 715 quieti
614 633 647 690 et
678 622 836 716 splendori
858 626 1024 692 consulens
1045 646 1145 695 arc

127 740 158 794 et
179 727 298 818 sagittis
320 729 451 818 paratis,
479 752 551 794 curn
572 726 687 793 lanceis
715 741 745 794 ct
767 730 877 813 scutis,
909 753 1057 797 necnon
1084 755 1173 796 se

62 864 65 869 ·
126 832 254 899 mnibus
277 831 344 897 aliis
366 833 481 925 longo,
504 832 571 899 sliis
588 833 676 900 brevi
688 833 802 917 hastili,
823 835 892 901 viee
908 858 939 901 se
954 836 1177 901 commisit.

190 1027 330 1120 Egregia
350 1022 466 1092 virtute
487 1021 738 1115 Hong-lieou
755 1035 860 1090 noster
877 1025 1018 1119 regionis
1033 1026 1168 1091 iltius

127 1156 252 1222 campos
272 1131 425 1222 inspexit,
460 1152 537 1219 quos
559 1129 636 1195 vidit
657 1154 772 1219 magna
792 1127 959 1195 hominum
980 1131 1080 1221 multi
1088 1140 1163 1193 tu-

125 1237 197 1305 dine
220 1235 334 1318 incoli,
356 1234 412 1324 qui
433 1232 479 1298 ibi
499 1230 684 1322 tranquille,
717 1230 783 1296 sine
805 1231 1027 1323 querela'suos
1049 1250 1163 1323 age*

101 1342 200 1407 -bent
221 1342 303 1426 dies3
324 1350 444 1404 montes
466 1334 616 1417 ascendit,
639 1360 696 1400 nec
718 1338 859 1419 deerant,
887 1338 942 1428 qui
964 1338 1165 1404 monti-nn

52 1508 55 1515 .
125 1446 272 1511 vorticem
294 1443 483 1535 incolerent3
504 1442 539 1506 in
555 1440 652 1506 valles
672 1442 828 1506 descendit
849 1442 905 1511 ubi
926 1455 1015 1508 erant
1035 1444 1068 1507 in
1092 1459 1165 1499 dt

47 1554 50 1563 '
125 1548 182 1615 lae.
206 1549 290 1621 Quid
311 1571 414 1612 mum
437 1547 475 1611 ad
496 1545 577 1610 latus
597 1546 725 1637 gerebat
746 1540 824 1609 ille?
859 1544 984 1635 lapillos
1004 1539 1165 1636 pretio

125 1674 174 1716 sos
195 1663 227 1717 et
248 1674 403 1740 gemmas,
422 1649 573 1739 'vaginam
594 1647 688 1717 variis
705 1648 894 1717 ornamentis
908 1650 1066 1733 demeum,
1138 1656 1163 1711 et

125 1776 230 1820 ensem
251 1752 384 1844 pulchre
405 1765 560 1819 ornatum.

188 1943 327 2033 Egregia
347 1942 463 2029 virtute
485 1939 732 2034 liong-lieou
753 1945 790 2008 ed
813 1924 916 2015 locum
929 1945 1067 2017 Pas-teu
1083 1960 1138 2005 en

123 2052 265 2121 (centurn
285 2046 433 2127 fontium)
455 2047 572 2112 dictum
593 2047 666 2128 ivit,
700 2048 782 2112 unde
812 2048 846 2111 in
868 2034 969 2113 xastos
992 2064 1128 2138 campos
1172 2052 1175 2057 '

90 2146 94 2151 ¹
123 2152 256 2241 conjecit
277 2151 406 2238 oculos3
429 2162 601 2243 praerupto
623 2153 738 2218 vertice
759 2162 914 2234 montem,
936 2152 992 2243 qui
1015 2154 1052 2219 ad
1065 2171 1117 2215 eu·

123 2268 223 2322 strurn
243 2255 363 2346 positus
384 2267 445 2337 est,
469 2256 660 2338 conscendit,
691 2257 772 2351 unde
795 2254 893 2321 oculis
914 2251 1114 2345 deprehendit

123 2359 221 2425 cltum
241 2359 372 2441 collem,
403 2356 459 2424 ubi
487 2358 664 2450 frequentes
693 2358 835 2425 homines
864 2361 967 2431 sedem
987 2358 1109 2425 fixerant

123 2486 227 2545 suam,
249 2474 341 2552 atque
362 2462 403 2526 ita
424 2464 532 2527 domos
547 2461 591 2527 ibi
606 2463 746 2529 construi
760 2463 900 2548 curtxit3
923 2463 1110 2539 sedesotiam

122 2567 263 2631 construi
284 2565 386 2632 voluit
406 2567 444 2631 ad
465 2564 660 2654 recipiendos
682 2565 829 2654 hospites.
844 2584 847 2589 ·
863 2566 1030 2635 Tuncille
1048 2591 1110 2631 coe

122 2667 185 2758 pit,
208 2692 287 2758 quae
309 2680 393 2734 recte
413 2681 501 2750 sunt,
530 2668 665 2759 populos
686 2671 814 2752 docere,
836 2666 1111 2759 hominurnsdabis

43 2842 46 2851 ¹
123 2771 259 2853 solvere,
283 2783 312 2836 et
334 2771 471 2836 difficilia
493 2795 635 2838 sermone
656 2796 821 2907 exponere.

185 2961 324 3052 Egregie
344 2962 459 3029 virtute
481 2960 617 3051 llong-
605 2958 757 3027 -lieou
749 2987 783 3026 1n
805 2961 867 3027 alto
889 2960 971 3027 colle
991 2918 1051 3035 illo
1072 2986 1113 3031 se

121 3067 192 3131 dem
212 3064 280 3130 lixit
296 3089 400 3145 suam,
421 3065 478 3131 ubr
488 3089 563 3156 paco
572 3062 756 3151 fruebatur
776 3064 920 3131 aulici
892 3090 960 3155 ojus
982 3067 1114 3156 speciem

121 3171 247 3261 plenam
267 3169 427 3261 dignitatis
455 3195 531 3260 prae
553 3193 585 3234 se
606 3168 764 3250 serebant,
797 3192 875 3259 quos
897 3170 1045 3237 convivio
1066 3194 1114 3249 ex-

121 3276 274 3366 cipiebat,
305 3274 420 3365 quibus
447 3289 568 3349 mensas
590 3274 784 3362 apponebat3
815 3273 863 3338 illi
886 3283 989 3339 autem
1003 3274 1114 3355 conri-

26 3364 29 3369 Ι
121 3393 225 3447 rantes
247 3386 381 3455 (mensa)
403 3376 503 3453 innixi
525 3374 650 3467 (genio
657 3374 860 3467 indulgebant
881 3376 1015 3462 securi),
1046 3400 1115 3445 cau·

121 3481 165 3547 las
188 3494 218 3546 et
246 3481 378 3572 mapalia
402 3490 564 3572 pastorum
596 3481 787 3566 construxit3
820 3503 932 3570 porcos
959 3504 997 3544 ex
1019 3481 1115 3547 caulis

121 3586 338 3675 depromebat,
361 3610 467 3650 cavam
489 3583 712 3648 cucurbitonr'
703 3609 736 3647 rn
759 3584 908 3674 poculum
931 3582 1116 3655 adhibebat·

121 3688 165 3767 sic
186 3688 365 3756 vescebatur
386 3680 461 3772 ille,
484 3688 527 3755 sic
547 3670 692 3794 potabat·
725 3686 768 3751 sic
789 3686 1021 3778 regnabat,
996 3711 1042 3753 src
1064 3689 1113 3767 do·
1174 3696 1176 3701 '

120 3770 304 3859 donabatur.

511 3893 513 3897 .
540 3884 695 3903 ..ῃ-ι·-
