2370 4334
146 268 208 333 Μ
501 258 576 324 Pras
593 257 639 321 lll.
660 252 735 322 cn.
753 268 781 326 1.

143 433 268 525 imperii
296 431 427 522 regenda
455 431 608 518 adjutores
639 427 702 495 riri
733 429 827 518 periti
854 441 884 496 et
915 429 1070 522 sapientes
1102 429 1138 495 in

143 561 235 604 omne
257 560 370 603 aerum
391 535 526 600 illustres
548 543 650 598 erunt.
668 621 681 636 Ι.

207 711 319 774 Nonne
342 707 376 773 in
397 728 489 773 omne
511 727 621 771 aevum
643 701 778 770 illustres
800 700 918 769 erunt?
940 704 994 770 ille
1008 729 1088 772 rero
1103 705 1138 772 in

143 811 279 878 consiliis
301 811 364 876 suis
387 835 481 901 quam
509 805 604 875 solers
631 820 661 874 et
686 812 834 873 attentus!
864 807 898 872 in
919 810 1011 896 cujus
1032 834 1138 900 regno

143 915 243 981 exorti
269 925 342 981 sunt
368 913 430 981 riri
458 909 564 987 eximii
589 936 704 1003 magno
731 935 880 995 numero,
914 915 967 978 sed
995 938 1015 977 o
1042 939 1140 1003 quam

144 1018 332 1085 admirandi!
355 1018 411 1108 qui
432 1042 471 1084 ex
490 1003 641 1108 principis
663 1038 763 1106 regno
785 1016 947 1105 prodiere,
977 1016 1027 1081 illi
1047 1017 1140 1082 lisere

49 1153 52 1157 ·
144 1122 270 1214 imperii
291 1122 457 1188 Tcheou
486 1119 631 1187 columen
659 1131 689 1186 ot
717 1122 869 1186 condendi
895 1122 1022 1212 imperii
1041 1121 1141 1213 primi

144 1237 303 1313 suctores,
325 1227 381 1317 qui
403 1226 553 1318 sapientes
574 1223 636 1303 riri
658 1222 729 1290 cum
741 1225 863 1315 ingenti
883 1232 1016 1291 numero
1039 1236 1142 1290 essent

144 1331 183 1397 iis
204 1330 301 1396 fretus
323 1331 470 1421 princeps
488 1326 757 1420 Onon—ouang
778 1332 853 1419 pace
868 1341 898 1394 et
913 1328 1149 1420 tranquillitate·

146 1460 260 1527 magna
281 1434 452 1500 fruebatur.

561 1529 717 1545 m

211 1606 482 1699 Ouen-ouang
510 1605 665 1696 singulari
685 1607 799 1672 virtute
821 1629 839 1669 a
861 1603 1142 1694 captuhominum

149 1735 242 1802 quam
263 1709 360 1798 longe
382 1708 500 1773 iemotel
522 1706 691 1800 princeps,
711 1733 730 1773 o
754 1716 867 1798 quante
888 1708 984 1773 animi
1006 1708 1143 1790 solertia,

147 1840 167 1879 o
181 1838 274 1905 quam
295 1813 352 1877 sibi
374 1835 496 1902 semper
517 1813 667 1878 constitit!
698 1811 749 1877 Sic
768 1810 922 1877 beneficio
946 1811 1120 1932 singulari
1125 1837 1143 1876 a

146 1917 235 1984 eoelo
258 1918 387 1981 donatus
410 1927 463 1980 est
514 1916 688 2005 Dynastiee
703 1914 848 1982 Chanar
824 1916 1027 2008 gsanguine
1048 1917 1142 2006 regio

147 2033 291 2114 nepotes,
314 2043 450 2110 quorum
467 2041 616 2086 numerus
639 2022 677 2085 asl
698 2030 823 2085 centurn
844 2021 943 2085 millia
960 2031 990 2084 et
1007 2020 1144 2110 amplius

147 2126 362 2218 pertingebat,
384 2123 455 2188 illi
446 2149 574 2214 mquam
589 2135 741 2216 quotquot
763 2136 850 2189 erant
871 2148 977 2189 rerum
1001 2112 1144 2188 omnium

148 2248 270 2298 summo
304 2228 430 2294 domino
468 2239 499 2294 et
530 2225 722 2294 dominatore
753 2227 796 2292 ita
827 2224 955 2317 jubente
984 2227 1145 2339 dynastiae

150 2334 312 2402 Tcheou
332 2309 467 2424 imperio
489 2355 520 2399 se
542 2331 752 2399 subdiderunt.

216 2566 324 2632 osnes
346 2564 514 2649 reheou
532 2526 666 2656 inperio
689 2590 720 2631 a
744 2566 943 2643 subdiderunt
964 2565 1031 2653 11113
1065 2566 1147 2633 aio-

153 2684 201 2741 oet
222 2670 277 2762 qui
299 2668 379 2734 coeli
401 2665 534 2761 gratiam
540 2716 551 2752 ,
575 2692 636 2762 qua
655 2669 856 2767 imperarent,
879 2654 1054 2752 obtinuere,
1078 2695 1148 2736 eam

152 2786 281 2866 possunt
304 2775 452 2839 amittere.
496 2775 589 2840 Nune
612 2786 714 2843 autem
741 2775 796 2865 qui
816 2774 972 2863 dynastiae
993 2775 1036 2838 ln
1057 2770 1147 2866 pare
1172 2830 1179 2845 ,

152 2881 227 2944 bant
248 2876 393 2967 imperio'
410 2877 471 2942 riri
500 2878 605 2941 eximii
633 2891 664 2942 et
691 2902 798 2942 rerum
825 2877 936 2967 periti,
968 2878 1003 2941 in
1025 2878 1148 2943 curiam

153 2995 291 3056 nostram
318 2981 470 3069 veniunt,
494 2994 524 3047 et
553 2981 736 3046 libaminum
765 2981 876 3046 ritibus
907 2980 1148 3072 defunguntur3

154 3091 229 3154 dum
256 3098 359 3151 autem
380 3083 571 3150 oblationum
600 3086 679 3151 ritus
708 3085 866 3175 peracturi
891 3085 1022 3149 veniunt
1047 3097 1148 3150 restes

155 3194 295 3260 solennes
316 3191 399 3255 Fou
427 3189 520 3254 dietas
544 3190 695 3271 induunt,
727 3202 758 3254 et
779 3189 899 3278 pileum
921 3187 997 3253 Hau
1020 3200 1148 3279 gerunt.

155 3298 208 3363 Sio
229 3307 330 3363 autem
352 3293 446 3385 Regis
468 3293 545 3358 fidos
566 3305 723 3383 magnates
742 3294 945 3384 compellant.
968 3317 1075 3358 nonne
1091 3316 1151 3383 par

158 3414 202 3466 est
223 3425 277 3466 vos
298 3400 333 3465 in
354 3397 479 3488 imperii
499 3397 594 3463 vestri
616 3398 783 3463 conditoris
805 3396 1004 3493 cogitatione
1016 3418 1083 3463 esse
1099 3399 1150 3465 de·

157 3500 259 3570 fixos?

204 3619 333 3708 Nonne
354 3667 412 3731 par
434 3654 494 3724 est,
524 3663 579 3708 ros
607 3642 684 3705 tanti
712 3641 790 3723 riri,
819 3642 873 3730 qui
899 3632 1070 3730 imperium
1100 3662 1151 3707 re·

160 3758 259 3812 strum
279 3745 429 3846 condidit,
450 3746 632 3810 memoriam
648 3741 806 3810 retinere?
828 3745 1034 3811 Virtutem
1007 3767 1077 3832 ejus
1099 3766 1153 3810 vo-

141 3851 208 3917 'bis
221 3842 392 3940 proponite
421 3850 458 3913 ad
486 3848 676 3915 imitandum.
721 3850 752 3914 ld
779 3871 900 3938 sempor
927 3849 1010 3939 agite
1039 3847 1153 3961 seduli,
