2370 4334
116 229 180 294 12&
268 298 279 313 Ι
475 221 600 296 Plasll.
622 221 695 286 Cer.
709 233 740 290 6.

166 396 342 462 ¹Sincerum
361 396 472 460 vinum
496 395 531 459 in
552 395 721 459 oblationes
743 393 915 474 adhibetur.
958 391 1107 457 Rubents

112 484 217 575 celere
238 501 369 589 pecudes
391 500 604 580 adducuntur,
633 523 711 589 quae
732 497 901 583 majoribus
922 495 1036 560 nostris
1059 495 1107 559 ol‘·
1126 519 1129 528 ⁴

111 602 271 689 tarantum
303 625 378 693 prae
406 602 549 668 manibus
577 602 729 693 accipitur
757 600 858 666 culter
887 598 1108 664 tintinnabulis

111 706 297 788 instructus,
318 730 381 824 quo
402 708 528 797 pecudis
548 707 608 798 pili
629 706 832 801 explorantur
854 716 885 769 et
906 703 1108 804 aperiuntur,

111 809 221 877 deinde
242 811 368 903 sangrris
389 812 514 902 pecudh
532 823 568 876 at
587 813 679 902 adeps
700 808 902 901 depromitur.

178 1011 266 1084 Quae
286 1011 387 1078 oblata
408 1036 534 1079 suarem
554 1011 671 1101 spirant
688 1011 829 1093 odorem,
850 1020 882 1076 et
898 990 933 1072 iri
950 1006 1107 1096 ejusmodi

110 1113 304 1183 oblationum
325 1117 436 1181 ritibus
462 1114 544 1180 nihil
565 1114 738 1197 incuriose,
767 1113 872 1179 omnia
894 1111 1052 1201 splendide
1076 1121 1108 1176 et

32 1310 35 1318 Ι
112 1241 186 1284 cum
206 1231 365 1331 apparatu
397 1221 445 1284 Ex
463 1243 526 1311 quo
548 1219 635 1285 enim
652 1230 788 1284 nostram
809 1218 945 1335 primam
959 1215 1107 1280 duximus

111 1323 283 1417 originem,
306 1323 359 1388 illo
381 1336 426 1389 est
447 1324 632 1389 reverendus
655 1335 686 1388 et
706 1333 873 1416 augustus,
896 1345 947 1426 cur
937 1318 1109 1385 debitum
1157 1356 1160 1364 ·

109 1425 263 1499 honorem
284 1427 460 1494 exhibentes
482 1453 595 1519 magna
609 1429 748 1497 mercede
766 1449 940 1521 magnaque
926 1386 1107 1494 felicitate

111 1531 280 1614 donamur,
303 1531 533 1603 immortalitate
555 1532 681 1599 scilicet

514 1653 624 1719 Ode
671 1676 697 1738 7.

174 1773 263 1863 Ager
284 1773 337 1838 ille
366 1799 458 1863 quam
487 1774 583 1838 nitet!
622 1798 715 1862 quam
737 1773 830 1863 longe
853 1772 975 1861 lateque
997 1783 1104 1862 patet3

109 1876 243 1968 singulis
264 1877 353 1943 annis
374 1879 445 1943 inde
467 1877 662 1968 colligrmtur
684 1877 782 1942 decies
804 1868 891 1953 mille
909 1878 1021 1950 (Mon
1038 1876 1104 1941 sire

108 1981 260 2071 jugerum
280 1981 412 2072 fruges).
458 1983 544 2054 Quae
567 2006 604 2046 cx
626 1982 714 2046 annis
735 1982 909 2070 praeteritis
936 1990 1108 2072 supersunt

109 2082 241 2176 fruges,
280 2110 329 2151 eas
362 2088 510 2204 depromo
540 2086 652 2177 quihus
681 2085 831 2203 agricolas
860 2096 979 2150 nostros
1010 2084 1104 2149 alam.
1122 2118 1125 2125 ·

93 2187 333 2299 (Superioribus
357 2173 443 2255 annis
466 2214 606 2254 annonae
628 2189 689 2254 fuit
710 2189 819 2279 copia5
845 2212 929 2254 nunc
950 2190 986 2253 ad
1008 2208 1106 2278 agros
1138 2184 1142 2191 ⁴

109 2292 259 2358 australes
281 2317 396 2384 pergo,
429 2305 460 2358 ct
486 2292 531 2358 ibi
557 2292 708 2384 agricolas
737 2294 825 2359 video
853 2291 903 2357 vel
928 2290 1107 2372 furientes,

67 2476 69 2482 k
109 2395 160 2462 vel
181 2397 315 2462 humum
343 2409 536 2490 suggerentes.
590 2397 677 2478 Sata,
707 2398 819 2464 Chou
841 2410 872 2463 et
893 2395 962 2461 Tsi
984 2395 1106 2460 scilicet

109 2524 204 2589 quiam
223 2501 305 2566 bella
328 2513 504 2567 creverunt.
548 2501 662 2590 Ampla
684 2525 769 2591 seges
793 2503 865 2582 erit,
887 2501 920 2564 in
935 2500 1030 2586 hujus
1048 2522 1105 2590 spe
1129 2531 1133 2536 Δ

109 2600 309 2693 conquiesco,
333 2614 363 2668 et
385 2604 595 2696 agricolarum
617 2605 770 2670 incumbit
792 2603 894 2670 levare
916 2604 1045 2668 labores.

171 2706 288 2771 Laetae
315 2721 388 2773 sunt
410 2721 697 2799 segetesnostrae3⁸
723 2733 794 2774 oves
816 2698 937 2799 nostrae
958 2707 1104 2797 integrae

108 2822 182 2875 sunt
203 2810 323 2892 colore,
360 2824 389 2875 et
416 2812 480 2879 sine
510 2813 630 2885 macula
659 2814 771 2902 quibus
800 2825 872 2877 uter
894 2813 928 2877 in
949 2809 1104 2876 sacrificio

109 2911 187 2979 Che
209 2914 291 2979 dioto
320 2913 406 2993 etin
428 2917 614 2980 caerimonia
635 2918 739 3006 Fang
760 2917 847 2981 dicta.
897 2915 979 3007 Agri
1000 2914 1103 2980 nostri

107 3017 190 3114 bono
212 3031 284 3084 sunt
306 3030 396 3101 statu,
419 3022 501 3110 quod
523 3020 668 3111 agricolis
690 3021 822 3086 feliciter
844 3020 985 3110 contigit.
1019 3018 1104 3084 Fidi-

107 3121 166 3187 bus
188 3120 266 3188 ttin
288 3135 318 3188 et
341 3123 417 3188 Che
439 3125 527 3190 dictis
550 3126 702 3207 canimus,
725 3138 908 3215 tympanum
929 3123 1103 3214 pulsamus,

107 3239 145 3292 ut
165 3226 297 3319 frugum
320 3241 351 3293 et
372 3229 582 3320 agriculturae
604 3230 725 3295 auctori
755 3243 787 3295 et
815 3230 918 3319 primo
947 3228 1104 3293 conditori

39 3334 41 3340 ⁴
108 3343 235 3421 gratum
256 3332 396 3397 animum
412 3319 640 3425 significemus,
663 3345 694 3398 et
704 3333 857 3398 salubrem
872 3333 1012 3423 pluviam
1030 3356 1102 3422 pre·

107 3457 231 3518 cemur,
262 3450 300 3502 ut
330 3450 448 3528 segetes
480 3443 618 3502 crescant
647 3450 783 3520 nostrae,
816 3437 928 3528 quihus
957 3435 1103 3502 homines

105 3539 206 3603 nostri
227 3540 289 3606 viri
311 3550 343 3606 et
363 3541 514 3606 foeminae
536 3540 668 3605 alantur.

172 3642 236 3714 Qui
258 3625 454 3711 caerimoniis
476 3658 507 3710 et
529 3645 735 3712 oblationibus
756 3644 937 3738 praeficitur
951 3645 987 3708 de
1005 3642 1103 3708 titulo

107 3745 339 3836 Tang-sun
368 3763 531 3843 postquem
559 3750 717 3838 pervenit,
749 3768 860 3821 uxores
884 3760 913 3812 et
935 3746 999 3813 filii*
1015 3747 1103 3812 cibos

108 3847 250 3916 deferunt
271 3851 304 3916 in
327 3853 473 3921 australes
494 3877 595 3943 agros·
642 3853 706 3929 Qui
727 3853 938 3946 agriculturae
959 3851 1108 3942 praefici.
1176 3887 1179 3894 ,
