2370 4334
433 241 508 306 Psas
524 240 545 304 l.
583 239 700 314 Carus.
1018 240 1060 314 bt

135 408 198 475 Vir
213 409 268 475 ille
288 411 459 479 industrius
476 437 527 480 ms
545 415 690 482 convenit
706 416 742 480 in
758 413 809 482 via
822 438 902 505 quse
915 417 956 481 ad
975 438 1061 480 mon·

65 525 134 580 tem
152 515 228 579 Nic
250 517 345 582 ducit.
387 518 473 583 Duas
500 518 579 584 feras
608 543 664 585 nos
689 520 781 586 ambo
806 520 900 585 simul
922 521 1062 586 venando

21 666 23 670 -
66 618 208 684 insecuti
233 643 356 707 sumps3
383 646 434 686 me
450 623 586 689 laudavit
602 623 661 688 *ille
684 635 715 689 et
738 649 789 689 me
811 625 950 715 peritum
973 624 1061 690 dixit.

135 722 199 787 Vir
220 723 274 790 ille
295 724 384 791 fortia
405 752 456 792 me
472 728 617 792 convenit
638 729 676 792 sd
695 739 836 794 austrum
851 729 964 796 montis
977 728 1060 795 Nic.

67 827 163 894 Duas
188 827 280 918 lupos
305 853 361 895 nos
385 832 488 896 ambe
503 831 597 919 simul
619 833 759 897 venando
779 833 912 900 insecuti
934 856 1039 900 sumus
1051 860 1062 921 5
1157 866 1159 871 ·

66 955 122 997 me
142 931 281 1000 laudavit
298 933 352 998 ille
376 944 478 1000 etms
498 937 642 1021 solertem
660 935 745 1001 dixit.

478 1074 576 1140 oso
619 1070 649 1147 ὅ.
680 1072 759 1159 ses,

76 1252 79 1257 ι
137 1211 198 1277 Me
220 1222 358 1302 expectat
378 1212 462 1277 inter
476 1225 600 1302 portam
621 1225 653 1279 et
674 1213 847 1279 tabulatum
871 1215 954 1302 quod
978 1213 1062 1279 denti

70 1313 194 1379 foribus
208 1327 336 1404 prostat.
368 1315 486 1380 Album
503 1317 715 1406 seriemque
728 1340 818 1383 aures
833 1317 936 1407 operit
949 1318 1060 1383 utrim-

70 1441 136 1508 que
151 1441 334 1508 suspensum
352 1420 454 1509 gerit3
479 1446 626 1511 appensas
645 1422 738 1488 etiam
757 1445 895 1513 gemmus
909 1420 1061 1512 llicng·

69 1521 145 1588 hoa
163 1521 256 1588 dictas
273 1534 381 1613 gestat

137 1628 195 1717 Me
223 1639 362 1716 expectat
387 1627 423 1692 in
445 1628 517 1693 ault
536 1588 709 1720 hospitibus
733 1627 920 1720 excipiendis
944 1629 1061 1716 dicatd3

70 1731 208 1822 nigrum
225 1731 372 1814 sericum,
393 1756 455 1822 que
473 1757 562 1798 aures
585 1736 687 1824 operit
699 1733 774 1800 hinc
792 1734 864 1800 inde
878 1756 1061 1824 suspensum

65 1822 177 1927 gerit,
200 1858 340 1900 necnon
358 1835 479 1926 lapillos
496 1837 660 1928 lliong-
650 1862 744 1928 Jong
766 1838 872 1903 dictos.

139 1941 198 2005 Me
215 1952 355 2030 expectat
374 1941 477 2027 domi5
507 1942 629 2017 flauam,
642 1942 777 2006 sericum
796 1962 859 2030 quo
879 1963 968 2005 aures
988 1963 1060 2031 ope·

72 2043 120 2109 rit
133 2041 209 2109 binc
221 2043 293 2109 inde
307 2067 490 2133 suspensum
504 2047 604 2136 gerit3
619 2063 676 2112 nec
690 2070 755 2112 non
765 2067 902 2136 gemmas
912 2043 1012 2112 ltion
1018 2069 1059 2134 g·

70 2147 149 2240 ing
165 2147 268 2212 dictas.
421 2162 423 2167 ’
621 2229 623 2233 ¹

483 2254 583 2319 Ode
628 2267 656 2333 l..
673 2256 747 2328 1¹0.=

137 2372 193 2437 Sel
211 2373 331 2454 oriens,
355 2387 484 2441 venusta
501 2377 618 2441 scilicet
638 2375 744 2466 puella
761 2372 844 2438 domi
861 2393 947 2436 meae
964 2370 1060 2462 degit,

72 2477 162 2543 domi
182 2500 268 2542 meae
292 2477 397 2567 degit,
424 2489 456 2543 et
473 2480 612 2570 vestigiis
633 2479 709 2544 meis
731 2478 874 2543 insistens
893 2475 987 2544 venit

38 2616 40 2620 v
139 2579 233 2646 Luna
249 2582 361 2664 oriens,
377 2595 506 2648 venusta
518 2584 635 2648 scilicet
649 2583 754 2672 puella
770 2583 807 2648 ad
823 2592 946 2671 portam
960 2603 1062 2643 meam

72 2684 179 2774 degit,
205 2686 243 2749 ad
259 2697 383 2774 portam
400 2711 500 2753 meam
520 2674 605 2778 degit
624 2699 655 2752 et
672 2685 811 2777 vestigiis
824 2684 902 2751 meis
919 2684 1061 2807 insistens
1119 2761 1121 2767 Α

72 2788 161 2853 loris
181 2789 295 2878 prodit.

479 2893 509 2959 0
531 2896 551 2959 d
571 2918 587 2959 e
630 2896 661 2960 5.
695 2893 756 3001 NJ

141 3013 224 3105 Ante
242 3015 380 3103 primum
398 3015 572 3080 diluculum
586 3038 682 3105 surgo
705 3006 736 3081 tt
751 3024 849 3080 vestes
869 3012 992 3078 inverso
1013 3033 1062 3073 or·

74 3119 150 3184 dine
167 3117 273 3182 induo.
317 3119 460 3184 Vestibus
477 3120 520 3184 sic
534 3119 681 3202 inversis,
705 3143 776 3184 ecce
799 3143 817 3183 a
837 3109 979 3208 principe
999 3107 1081 3175 enit¹

74 3224 273 3305 mandatum,
300 3223 428 3313 quoire
447 3224 567 3312 jubeor

142 3327 290 3397 Nondum
310 3326 416 3392 illuxit
432 3327 534 3444 prima
556 3327 620 3392 dies
642 3338 673 3390 et
697 3347 827 3415 surgens
844 3331 940 3389 vestes
961 3318 1062 3383 inver—

75 3452 123 3494 sas
138 3429 253 3515 induo3
277 3431 441 3497 vestibus
432 3443 476 3499 tta
492 3431 638 3511 inversis,
665 3452 737 3493 ecce
757 3452 775 3492 a
793 3424 936 3518 principe
951 3422 1062 3514 jubeor
1124 3482 1127 3487 ,

76 3545 200 3623 praesto
221 3557 294 3598 esse

144 3636 281 3702 Salicum
307 3663 407 3704 ramos
433 3640 615 3704 abscindunt
640 3637 752 3727 quibus
777 3633 956 3701 hortum
929 3657 1061 3699 cucum-

60 3739 222 3823 'cludant,
255 3755 286 3808 et
306 3743 483 3833 imperitam
504 3740 737 3808 multitudinem
765 3751 906 3822 arceant,
938 3738 1060 3828 ipsique

77 3844 224 3910 timorem
243 3845 403 3913 incutiant
439 3847 473 3913 Si
487 3846 548 3912 diei
566 3858 598 3912 et
610 3845 709 3912 noctis
728 3844 893 3914 discrirnen
911 3842 981 3933 quis
994 3861 1060 3907 nes·
