2370 4334
438 237 562 315 Psssll.
603 245 728 318 eus
1028 246 1070 317 Μ’
1138 333 1141 339 ⁴

970 338 978 371 1
1045 329 1048 337 .

79 421 231 489 colorem.
281 420 352 487 Viri
378 421 529 533 rapientes
548 417 738 560 adveniunt,
770 430 803 487 st
827 398 941 486 micent
961 432 1072 485 cotum

79 524 205 595 ventlu
318 567 322 575 .

94 600 99 614 ⁸
463 567 582 679 Ode
624 547 874 719 φιβ’

147 732 234 803 Toto
255 756 313 800 suo
334 736 497 824 equarum·
504 711 692 825 profluvio
682 757 717 797 ιιι
738 755 824 808 mure
845 730 1022 819 confluunt,
1043 734 1079 798 Oi

53 839 55 842 ’
83 862 178 905 mum
209 839 301 918 mni,
320 839 449 905 flumine
475 848 625 905 testantur
657 834 859 928 obsequium
888 833 1075 926 regulorum

82 943 183 1011 inetur
203 942 258 1033 qui
278 942 498 1032 imperatorem
520 940 658 1033 obsequii
673 964 765 1006 ceusu
781 938 986 1021 conveniunt,
1007 946 1077 1005 tum

82 1069 185 1112 verno
206 1057 344 1135 tempore
372 1056 403 1110 et
431 1044 483 1109 hic
510 1046 588 1110 ritus
615 1045 728 1110 dicitrsr
753 1042 902 1125 chuo,
934 1053 1003 1107 tum
1024 1066 1076 1106 su·

85 1147 219 1215 tumneli
240 1160 271 1214 et
292 1149 404 1214 dicitur
426 1151 570 1239 Teong.
614 1149 689 1214 Avis
711 1147 786 1213 Sun
807 1145 988 1237 pernicibus
1009 1143 1076 1226 elis,
1107 1202 1111 1211 ,

86 1251 259 1333 volatilla,
281 1244 388 1318 deinde
407 1253 551 1344 quiescit:
575 1250 685 1318 fratres
700 1250 799 1320 nostri
817 1249 910 1340 regni
924 1247 1077 1329 homines,

87 1356 181 1447 upnici
201 1357 300 1423 nostri
315 1357 450 1422 turbis
441 1358 565 1448 rmpem'r
556 1356 666 1423 nihil
681 1356 763 1421 heu!
784 1364 960 1420 moventur.
992 1353 1078 1416 Nun-

89 1460 166 1551 quid
185 1460 369 1551 parentibus
386 1461 458 1525 orbi
480 1458 578 1527 sunt?
607 1460 677 1552 (qui
697 1471 863 1551 parentum
883 1478 1015 1526 suorum
1036 1451 1079 1522 vi·

88 1588 160 1631 cem
179 1588 256 1629 non
266 1565 401 1644 deflent).

156 1686 251 1752 Pleno
273 1710 368 1752 cursu
389 1687 492 1752 fluunt
512 1686 641 1752 flumine
666 1699 696 1752 et
717 1709 848 1778 magnos
869 1684 994 1768 {luendo
1014 1680 1081 1748 vol·

89 1802 170 1858 runt
190 1791 309 1855 fluctus.
334 1780 532 1855 ¹P'ernioibus
561 1784 618 1858 elis
639 1792 702 1857 eris
724 1791 804 1857 Sun
826 1789 929 1880 surgit
949 1788 1018 1867 ille,
1050 1794 1082 1849 et

90 1895 225 1961 volendo
246 1893 356 1959 sltiors
378 1896 513 1960 affectet:
537 1886 592 1986 qui
614 1896 741 1960 rationis
763 1907 793 1960 et
815 1892 974 1984 requitatis
995 1886 1098 1979 leges

89 1998 211 2064 violent
230 1997 392 2080 homines,
423 1997 494 2063 illos
516 1999 683 2089 cogitando
712 1999 774 2064 sire
798 2008 911 2063 stemus
934 1995 997 2061 sive
1019 2010 1117 2061 emt*

90 2102 236 2169 bulemus
267 2101 465 2168 uehementer
497 2103 662 2194 ungimur,
696 2101 777 2167 nihil
808 2112 951 2166 nostrum
982 2108 1083 2188 potest
1137 2114 1142 2124 ·

93 2207 215 2271 fle‘ctere
238 2206 391 2290 dolorem,
413 2207 500 2275 nullu
521 2207 638 2273 horum
658 2206 814 2272 melorum
834 2214 892 2269 nos
914 2213 1014 2292 potest
1035 2224 1083 2266 ce·

13 2304 15 2309 ’
92 2333 170 2402 pere
191 2309 318 2375 oblivio.
472 2300 478 2307 ’
755 2320 759 2328 “

51 2558 55 2577 ι
161 2481 339 2547 Pernicibus
362 2483 416 2548 elie
438 2448 575 2575 praediti
592 2484 655 2550 ovis
669 2484 752 2550 Suu
773 2475 856 2550 circu
877 2478 971 2547 eolles
993 2489 1088 2570 gyret

91 2586 246 2651 tolsndoz
269 2585 338 2652 fulsi
359 2612 501 2654 rumores
524 2602 716 2680 sparguntur
737 2589 772 2652 in
792 2587 926 2677 vulgus,
950 2595 980 2648 et
994 2606 1086 2648 nemo

94 2689 192 2754 bomo
225 2702 269 2754 est
275 2738 286 2772 ,
319 2692 373 2780 qui
400 2705 620 2791 protervorum
651 2692 795 2783 linguam
824 2700 971 2755 coerceat.
1023 2687 1100 2750 Vos·

97 2794 189 2859 amici
210 2818 272 2858 mer
263 2794 380 2859 vobis
410 2794 576 2886 diligenter
602 2795 834 2899 invigilate3
811 2820 855 2862 uc
875 2791 1017 2858 homines
1039 2788 1090 2871 illi

96 2922 231 2989 nequem
254 2910 285 2963 et
298 2898 453 2984 maledici,
476 2902 618 2966 mordere
631 2901 784 2983 volentes,
808 2900 962 2965 offendent
979 2892 1091 2960 solido

483 3022 592 3088 Ode
640 3028 795 3135 10498

164 3139 276 3206 Centut
308 3141 427 3207 ciconio
451 3141 485 3207 in
514 3167 628 3209 novem
660 3143 786 3226 insulis,
819 3166 897 3234 qum
924 3141 959 3205 in
986 3135 1093 3218 medio

98 3244 169 3309 lucu
186 3245 303 3335 positae
321 3256 409 3331 sunt3
432 3248 498 3333 ejus
519 3272 581 3312 vox
601 3248 635 3312 in
649 3245 870 3337 campestribus
892 3245 968 3309 locis
990 3243 1092 3331 longe

99 3349 221 3438 luteque
244 3349 377 3414 auditur.
412 3349 505 3414 Piscis
527 3351 560 3415 in
582 3375 733 3441 eqrrurum
756 3351 884 3440 gurgite
906 3349 989 3425 latet,
1012 3346 1094 3410 ecci-

99 3453 289 3553 dit-eutem
304 3465 341 3517 ut
361 3453 401 3540 inx
414 3453 492 3519 locis
514 3454 702 3543 palustribus
724 3455 824 3543 deget.
855 3453 1013 3516 Amdenus
1036 3448 1095 3513 ille
1164 3502 1166 3506 ,

100 3555 211 3621 hortus
233 3557 397 3623 arboribus
418 3559 501 3623 Ten
529 3559 616 3624 dictis
644 3558 779 3623 consitus
802 3568 862 3637 est,
897 3557 1095 3647 adquorum
1156 3602 1170 3651 3

102 3661 218 3725 rudices
247 3662 348 3747 jacent
373 3661 449 3728 solie
477 3663 622 3727 deciduo:
652 3661 686 3726 in
708 3662 774 3727 aliis
796 3659 953 3726 montibus
975 3657 1096 3749 lapides

102 3775 175 3830 sunt
196 3776 287 3828 cotes.
