2370 4334
281 198 283 207 ’
375 237 708 312 emenone.
911 240 1046 322 “esse
1129 196 1133 203 Ι

53 412 220 501 majorum
240 433 371 478 morum
391 411 543 478 voluntati
563 436 682 494 nrorem
694 438 805 506 ger-em
827 418 907 483 erite
922 419 1051 486 consilis

56 517 168 585 mimo
189 514 353 606 recolebat,
382 516 527 608 Princeps
549 515 603 584 ille
623 516 738 585 scilicet
757 544 850 587 verus
871 521 931 588 fuit
951 546 1052 614 popu·
1120 528 1122 533 ’

57 620 171 687 lorum
190 620 335 686 dominus
356 631 389 686 et
406 619 482 715 Rex.

477 737 633 750 *-

127 765 223 882 Regis
245 791 355 857 merita
380 789 539 881 praeclara
570 802 601 856 et
626 791 731 859 leudes
759 793 886 861 eximiae
916 796 1050 881 maxime

58 898 244 963 enituerunt
270 895 306 961 in
326 896 482 960 condenda
509 894 588 975 urbe
609 895 742 988 Pong:
769 900 973 992 undequaque
994 925 1049 994 po-

57 1001 136 1094 puli
155 999 395 1081 conveniebant,
424 999 479 1090 qui
501 1022 531 1063 se
552 998 613 1088 ipsi
634 1001 795 1085 dederent,
827 1026 921 1092 quem
942 1028 1052 1095 regem

59 1106 239 1198 spectabunt
259 1116 296 1170 ut
324 1102 469 1176 columen
497 1127 587 1168 suum
616 1114 647 1168 et
668 1100 831 1170 commune
859 1105 1050 1197 perfugium.

58 1213 211 1300 Princeps
223 1208 276 1274 ille
287 1209 403 1274 scilicet
413 1231 504 1275 verus
511 1207 572 1274 fuit
581 1206 774 1297 populorum
783 1209 926 1274 dominus
935 1222 966 1276 et
975 1211 1049 1276 llen

130 1315 238 1380 Amnis
271 1314 327 1404 qui
345 1312 521 1403 ⁴regionem
548 1312 661 1403 Fong
687 1311 801 1403 irriget
832 1314 869 1377 ad
900 1314 1052 1389 orientem

59 1420 156 1505 fluit3
177 1420 259 1509 quod
279 1418 395 1489 lectum
417 1427 462 1480 est
483 1439 578 1505 opere
598 1426 630 1480 et
650 1415 801 1482 industrie
822 1416 946 1506 (magni
967 1415 1052 1507 priu-

62 1523 159 1614 cipis)
179 1522 245 1587 Yu.
266 1580 269 1589 .
290 1521 362 1586 Huc
383 1520 589 1609 undequaque
619 1517 657 1584 fit
684 1544 851 1586 concursus
878 1519 1052 1603 hominum,

62 1627 123 1719 qui
145 1635 310 1717 augustino
329 1622 505 1713 principem
525 1623 643 1713 Regem
665 1622 806 1688 salutent
835 1625 979 1714 Princeps
1000 1647 1052 1690 su-
1163 1692 1166 1699 ¹

63 1734 177 1823 gustm
188 1729 240 1795 ille
255 1728 371 1794 scilicet
384 1749 477 1794 rems
499 1725 558 1792 suit
570 1725 764 1818 populorum
777 1728 918 1794 dominus
936 1740 966 1794 et
975 1728 1052 1810 Rex,

132 1919 166 1984 ln
186 1918 335 2010 principis
357 1917 569 2007 Ou-oueng
588 1918 667 1981 urbe
689 1918 778 2009 regie
799 1920 877 1984 Hao
900 1916 1051 2009 diota'pe-

62 2023 193 2090 leestrse
217 2035 246 2088 et
267 2021 436 2087 academiae
457 2021 545 2085 locus
573 2033 639 2086 erat
659 2021 831 2112 Pi7yong
852 2024 958 2087 dictus.
1001 2022 1052 2090 Ab

61 2129 183 2193 oriente
216 2139 246 2191 et
266 2126 439 2207 occidente,
468 2124 602 2219 eborea
624 2137 654 2191 et
675 2135 778 2191 austro
799 2124 930 2216 populi,
965 2136 1052 2217 quotss

63 2243 144 2324 quot
165 2242 261 2312 erant,
282 2252 389 2306 omnes
401 2229 496 2319 Regis
517 2227 652 2318 imperio
672 2252 783 2320 perere
803 2227 963 2294 volebant:
989 2228 1053 2293 Au·

62 2335 337 2428 gustusprinceps
358 2331 412 2398 ille
434 2333 551 2399 scilicet
577 2355 670 2398 verus
702 2329 762 2398 fuit
786 2332 980 2422 populorum
1000 2333 1052 2398 do·
1103 2398 1108 2407 ,
1153 2354 1155 2359 ·

62 2439 168 2505 nunus
190 2450 220 2504 et
240 2439 315 2502 Rex.

425 2526 430 2534 ⁸
481 2531 639 2545 ψ

130 2585 276 2675 Princeps
294 2583 386 2650 rebus
403 2594 524 2649 mature
542 2583 704 2675 perpensis
720 2583 755 2650 in
769 2584 801 2650 H
805 2575 851 2650 ¹no
867 2582 946 2649 urbe
961 2580 1052 2674 regis

61 2689 166 2755 sedem
179 2688 277 2778 figere
291 2685 408 2768 volens,
426 2698 457 2751 et
467 2688 616 2752 testudine
629 2688 762 2779 auguria
776 2687 934 2778 quaesivit,
955 2708 1050 2776 nogo-

62 2792 145 2858 tium
161 2790 330 2881 aprincipe
348 2790 568 2881 Ou-ouang
579 2814 674 2882 opere
688 2790 876 2881 completum
887 2802 942 2857 est.
975 2788 1049 2857 Ou-
1066 2792 1091 2805 “

63 2919 200 2986 oneng
220 2895 336 2995 scilicet
352 2893 543 2984 populorum
563 2895 705 2961 dominus
722 2906 753 2961 et
766 2895 841 2961 Rex.

477 3015 633 3028 —=*

77 3056 80 3060 Δ
130 3066 231 3155 Regio
253 3068 364 3157 Fong
384 3067 470 3157 equis
493 3067 615 3157 irrigua
635 3066 696 3133 fert
717 3068 808 3135 etiem
830 3067 958 3132 herbum
979 3064 1050 3149 lli3
1124 3109 1126 3114 »

63 3169 136 3262 quis
157 3171 330 3261 principem
351 3169 566 3261 Ou-ouang
586 3171 719 3237 otiosum
741 3167 846 3238 dicat?
877 3170 1050 3258 Nepotibus

48 3275 128 3340 *stris
145 3275 384 3365 prospicientem
405 3285 435 3340 et
455 3274 502 3365 pii
521 3273 580 3339 filii
595 3274 809 3365 tranquillitati
824 3272 1049 3362 invigilantem.

65 3378 283 3469 Ou-ouang
304 3380 419 3447 scilicet
440 3378 794 3468 pepulomm'dominus
816 3389 846 3442 et
867 3376 941 3440 Rex,
1002 3465 1004 3469 ¹

370 3513 374 3520 ’
481 3516 585 3583 Carnu
608 3531 638 3588 2.

450 3638 480 3702 Ο
515 3628 586 3708 de
632 3662 659 3703 r.

131 3740 214 3805 Gens
235 3734 434 3821 (Tcheou)
456 3742 571 3832 inclyta
592 3742 746 3837 originem
768 3737 861 3803 trehit
882 3736 1047 3808 smuliere

66 3845 335 3936 stieng-yutn.
379 3848 462 3921 uuit
483 3844 551 3914 its?
579 3856 651 3936 curu
673 3842 738 3911 sine
758 3842 862 3910 liberis
883 3854 961 3910 esset
981 3841 1044 3923 illa,

1057 3646 1161 3750 ‘stt'
