2370 4334
436 210 512 305 lars
525 235 563 312 ll.
599 236 670 326 Cas.
688 246 717 307 t.
1000 255 1063 316 ω

64 446 67 451 ·
132 409 232 500 Cujus
253 409 391 476 oonsiliis
416 421 447 476 et
467 409 590 483 auxilio,
606 433 641 476 aa
660 424 769 479 contra
788 420 844 479 trae
871 413 1004 481 molitus
1022 417 1135 494 sitm

60 515 162 583 homo
179 515 253 599 ille,
275 539 337 606 ego
356 515 470 580 nescio.
513 513 580 587 Qui
597 539 647 607 me
665 515 700 581 in
714 516 834 582 crimen
846 519 988 602 vocarit,
1009 545 1062 610 ao

63 620 279 713 prehendatur
294 619 366 701 ille,
388 618 491 709 pardis
514 631 545 684 et
565 618 732 710 tigridibus
748 623 906 709 tradatur3
928 621 956 688 si
971 624 1062 719 pardi
1129 654 1132 661 Α

65 737 98 792 et
119 724 249 816 tigrides
275 747 348 789 eum
372 746 481 791 vorare
504 728 655 806 renuant,
692 712 727 787 in
753 725 898 818 regiones
923 726 1063 796 boreales

64 830 248 903 amandetur
253 855 263 915 3
285 828 473 919 siregiones
486 826 625 892 boreales
642 851 715 892 eum
732 829 872 919 recipere
889 832 1061 923 negabunt,

63 933 215 1001 altissimo
234 930 434 1024 permittatur
455 930 692 1021 etrelinquatur
710 933 924 1021 (puniendus).

66 1067 71 1078 ·
129 1038 225 1106 Juxta
245 1060 336 1128 agros
355 1038 390 1102 in
407 1035 474 1102 solo
489 1035 626 1125 praealto
643 1034 759 1126 positos
782 1049 829 1102 est
850 1023 929 1120 via,
940 1038 976 1105 in
992 1039 1061 1105 solo

64 1141 181 1207 humili
201 1153 233 1206 et
253 1143 414 1232 depresso,
450 1140 592 1206 salicibus
614 1152 645 1206 et
665 1139 798 1230 platanis
826 1142 970 1237 consitox
997 1143 1062 1217 Qui

14 1275 15 1278 ¹
63 1245 143 1312 haee
165 1245 274 1335 scripsi
297 1245 434 1310 carmina
454 1238 637 1335 imperatori
658 1243 794 1311 famulor
814 1246 848 1310 in
866 1245 981 1336 palatio
998 1248 1062 1313 Eu·
1103 1294 1107 1301 »

63 1349 189 1416 nuchus
221 1351 257 1414 de
283 1348 375 1413 titulo
402 1349 489 1414 See·
478 1348 566 1440 ·gin
594 1350 631 1413 de
662 1347 789 1414 nomine
812 1349 959 1441 Mong-
946 1360 1059 1416 ·.tsee

64 1453 215 1542 Quisquis
232 1452 351 1540 sapiens
374 1452 433 1517 sibi
455 1453 545 1519 debet
561 1454 733 1560 attendere,
760 1465 792 1520 at
811 1477 936 1520 wmen
955 1478 1062 1522 melun

63 1556 235 1717 diligenter
252 1555 369 1620 audire

283 1707 285 1714 .
467 1645 581 1712 Ode·
616 1622 737 1730 7.vffi

41 1809 47 1830 Ι
130 1764 337 1850 subsolanus,
359 1776 470 1833 ventus
486 1766 635 1856 placidus,
647 1767 786 1856 pluviam
805 1792 910 1834 secum
928 1770 1060 1836 advehit.

64 1837 137 1959 Ego
155 1880 186 1933 et
196 1880 240 1936 ,tu
248 1868 283 1934 in
296 1870 449 1961 angustiis
461 1883 492 1936 et
502 1869 660 1935 laboribus
674 1873 890 1955 versabamur,
914 1885 980 1938 tum
994 1874 1062 1963 qui·

63 1974 137 2038 &m
154 1996 211 2038 nos
227 1973 318 2038 arrabo
336 1974 517 2061 conjunctis
526 1974 646 2039 mimis.
682 1975 741 2040 Sed
759 1987 794 2040 tu
807 1987 912 2065 postea
927 1977 1061 2067 pulchar

63 2087 97 2140 et
120 2075 227 2147 beatus
253 2075 353 2144 faetus
377 2101 426 2159 es,
460 2079 591 2168 jamque
611 2077 752 2144 animiam
776 2080 934 2145 mutavisti
958 2092 990 2145 et
1011 2105 1062 2147 ane

64 2165 238 2255 desiruisti.

130 2283 325 2349 Suhsolanus
334 2285 472 2376 placidus
490 2279 617 2368 vontus,
642 2297 803 2352 esttamen
820 2310 894 2357 cum
916 2288 950 2350 in
966 2288 1064 2352 turbi-
1114 2371 1117 2378 ,

64 2407 139 2452 nem
155 2384 255 2454 eradit
268 2383 482 2454 vehementior
503 2388 610 2454 faetus.
656 2381 761 2454 Cum
753 2415 787 2453 ιη
803 2389 955 2483 angustiis
974 2401 1005 2454 et
1022 2390 1064 2455 la-

16 2562 23 2575 ,
64 2475 194 2557 boribus
209 2492 397 2575 versabaris,
420 2499 495 2559 tunc
509 2518 558 2558 me
575 2488 609 2558 in
627 2493 698 2558 sinu
712 2492 885 2580 fovebas,
874 2520 937 2582 Jarn
955 2495 1063 2562 beatus

63 2593 163 2661 factus
186 2621 236 2660 me
254 2597 464 2687 dereliquisti,
490 2610 520 2663 et
538 2601 620 2688 apud
638 2611 668 2664 te
686 2598 792 2662 cecidi

131 2698 321 2765 Subselanus
337 2701 477 2791 placidus
491 2714 602 2768 ventus
620 2712 681 2783 est,
705 2714 807 2777 tamen
822 2726 894 2767 omn
907 2701 1063 2789 montium
1158 2791 1161 2795 ι

50 2801 227 2868 cacumina
247 2806 323 2869 flatu
343 2829 399 2869 suo
416 2817 555 2895 superet,
585 2829 650 2869 non
668 2816 713 2870 est
734 2805 839 2895 planta
843 2853 856 2886 ,
892 2830 971 2896 quae
995 2828 1061 2871 uon

64 2919 248 2988 marcescat,
275 2919 404 2973 nonest
423 2908 530 2991 arbor,
558 2931 636 3000 quae
654 2931 720 2973 non
737 2911 860 2974 arescat.
906 2910 960 2974 Tu
984 2933 1061 2975 vero

63 3010 197 3077 virtutes
217 3036 299 3077 meas
317 3008 456 3103 insignes
471 3011 661 3079 oblivisceris
677 3016 708 3076 'et
724 3003 805 3078 leves
821 3006 961 3100 querelas
976 3035 1060 3078 meas

64 3138 300 3182 commemoras.
400 3131 402 3135 “
829 3170 835 3193 χ

148 3218 152 3229 “
391 3273 394 3279 ,
476 3198 579 3268 Ode
622 3206 653 3270 8⁶
671 3198 735 3270 nl*

130 3322 204 3388 Alte
219 3308 437 3416 surgit‘planta
448 3324 662 3413 Gouodicta3
677 3333 709 3390 at
726 3327 810 3389 deest
823 3321 928 3412 planta
942 3319 1061 3403 Gouo,
1148 3367 1149 3371 ,

65 3432 114 3492 est
128 3436 232 3492 autem
246 3428 353 3518 planta
370 3429 449 3494 Hae
464 3429 554 3494 dicta.
586 3422 675 3495 Heu!
699 3428 762 3492 heu
772 3424 953 3516 parentibus
967 3425 1061 3491 meis!

64 3534 248 3622 genuerunt
268 3544 300 3597 et
312 3532 459 3599 aluerunt
471 3554 537 3616 me,
561 3545 692 3622 quantos
708 3540 812 3596 autem
828 3521 947 3594 labores
963 3548 1062 3595 susoc-

22 3675 25 3682 ·
64 3646 184 3726 petunt
207 3622 283 3699 illi?

55 3778 58 3786 ι
131 3738 204 3803 Alte
225 3739 328 3829 surgit
344 3739 450 3828 planta
471 3742 594 3831 Gouo,
620 3751 652 3804 at
669 3762 733 3803 non
753 3749 802 3802 est
819 3737 924 3828 planta
943 3736 1061 3817 Gouo,

66 3852 114 3908 est
132 3854 237 3908 autem
254 3842 359 3933 planta
378 3842 442 3911 Yu.
487 3845 574 3912 Heu!
601 3845 664 3910 heu
683 3840 862 3934 parentilrtu
879 3842 979 3926 meis,
1010 3863 1061 3929 ge·

112 3964 253 4022 mem.
501 3984 526 4009 -“
766 3949 796 4013 8
