2370 4334
143 264 204 325 aas
296 316 303 341 ,
516 256 640 325 nnn.
671 220 742 321 cnss
763 267 791 324 ⁷.

141 436 232 494 voces
243 427 392 515 ejusmodi
414 427 600 516 protulerit,
611 426 779 516 ,hicff'agno
802 424 1066 497 cornibusadhuc
1081 449 1133 493 ex⁴

140 531 220 596 ernri
248 527 451 620 plectendus?
497 531 552 596 Tu
580 555 652 597 curn
680 530 890 601 uiasannnn
920 528 985 595 vini
1014 529 1134 621 pocule

139 635 317 716 siccaveris,
346 659 421 724 prae
443 634 541 700 nimio
564 635 637 701 rino
659 633 787 722 desipis,
816 633 891 722 quid
919 632 945 696 si
970 631 1065 721 plura
1087 632 1133 705 lsi-

198 739 205 752 ·
233 735 249 780 s
402 776 405 781 .

139 738 241 806 bens.
337 780 347 861 ¹·
434 798 438 803 .
541 825 651 889 Ode
698 847 724 908 7·
850 882 853 893 ι
987 868 1130 917 ΝΜ

34 944 101 1022 old.
184 945 333 1036 'Degunt
353 946 451 1035 pisces
474 947 554 1010 inter
576 945 686 1010 herbas
708 943 870 1035 aquatiles,
899 943 942 1006 ihi
963 934 1063 1033 caput
1081 967 1131 1007 eo-

139 1073 211 1141 rum
232 1073 384 1141 magnum
397 1048 448 1114 lit.
493 1049 592 1143 Degit
612 1048 679 1113 Rex
707 1048 741 1113 in
768 1046 897 1137 regione
927 1046 1020 1129 Hac„
1036 1047 1130 1129 dicta,

128 1151 184 1225 'ibi
205 1152 311 1219 bibere
333 1162 423 1219 amat.
556 1247 711 1260 *-

203 1354 332 1444 Degunt
353 1353 452 1445 pisces
472 1352 552 1416 inter
568 1351 680 1417 herbas
695 1348 860 1440 aquatiles,
880 1346 924 1412 ibi
938 1350 1033 1435 cauda
1048 1342 1132 1414 fiunt

140 1459 245 1555 longa.
262 1455 365 1545 Degis
386 1455 482 1520 Rex
473 1481 507 1520 1n
529 1455 660 1547 regione
683 1454 779 1537 Hao,
802 1451 846 1517 ihi
868 1476 899 1518 so
921 1451 1053 1517 bibendo
1078 1453 1130 1565 ob

138 1562 237 1628 lactat.

555 1652 709 1666 m

121 1761 125 1775 ·
183 1731 331 1820 Deglurt
352 1729 450 1818 pisces
472 1729 552 1792 inter
574 1729 684 1794 herbas
706 1728 869 1818 aquatiles,
897 1729 941 1792 ibi
963 1729 1092 1794 latent
1082 1754 1127 1792 rn-

137 1848 185 1901 ter
205 1837 324 1927 juncos.
354 1831 481 1922 Degit
471 1855 505 1895 m
526 1832 655 1922 regione
678 1833 774 1913 Hao,
796 1833 871 1897 ihi
863 1857 896 1896 ιη
917 1833 1056 1899 aedibus
1062 1819 1138 1965 suis‘

138 1938 323 2028 tranquillos
344 1937 410 2027 agit
430 1934 502 2002 dies

547 2040 576 2103 O
595 2043 613 2105 d
632 2066 648 2105 e
691 2044 722 2108 8.

115 2178 118 2183 '
174 2163 297 2227 'Fabas
312 2158 483 2253 colligunt,
505 2159 587 2224 fabas
610 2160 764 2252 colligunt
785 2163 818 2225 in
840 2160 978 2226 canistris
1001 2162 1140 2227 arandi

137 2266 204 2331 nois
225 2258 287 2334 sir'e
310 2265 478 2356 quadratis,
501 2265 565 2328 sire
586 2265 735 2331 rotundis.
779 2266 936 2355 Sapientes
956 2265 1019 2331 riri
1040 2266 1127 2347 obse

137 2370 248 2460 quium
269 2393 361 2435 suum
382 2368 460 2433 mihi
482 2365 673 2434 testificaturi
693 2382 864 2434 venerunt:
888 2394 981 2463 quarn
1004 2371 1128 2434 tandem

136 2475 309 2538 mercedem
330 2472 417 2534 vobis
439 2467 596 2535 tribuam?
617 2471 713 2536 Nullo
734 2472 806 2538 licet
826 2472 887 2536 alio
909 2466 962 2538 ros
984 2474 1127 2562 praemio

137 2577 271 2647 donatos.
291 2573 407 2656 velim,
447 2574 518 2638 satis
545 2585 637 2637 erunt
663 2598 775 2638 currus
804 2576 916 2666 quibus
946 2601 1002 2641 ros
1030 2578 1126 2667 dono,
1156 2564 1160 2587 '¹

137 2680 238 2745 aureis
259 2677 448 2743 ornamentis
469 2676 574 2743 decori
600 2688 630 2740 et
657 2677 728 2767 equi
757 2678 893 2769 jugales,
929 2703 1006 2768 quos
1035 2678 1126 2745 volsis

137 2782 266 2872 largior.
312 2784 403 2852 Quod
424 2783 545 2847 tandem
574 2781 633 2845 erit
660 2806 774 2847 munus
795 2779 954 2848 vestrum?
999 2772 1127 2863 Scilicet

136 2886 247 2976 nigrae
274 2896 379 2950 vestes·
398 2884 539 2950 draconis
568 2885 602 2950 in
634 2874 818 2950 se.recurro
840 2886 1126 2978 corporsinsigni·

137 3001 202 3070 tae,
225 2989 345 3080 aliaque
367 2989 502 3078 insignia
523 2990 602 3055 Pou
624 2989 712 3054 dicta.

151 3166 154 3171 Α
200 3092 335 3159 Scaturit
355 3091 440 3175 fons,
470 3105 501 3158 et
526 3117 677 3183 aquarum
706 3092 770 3158 rim
800 3094 960 3185 ingentem
987 3095 1124 3187 emittit3

136 3199 181 3267 ibi
202 3199 329 3264 herbam
351 3196 426 3262 Rin
455 3198 621 3286 decerpere
641 3199 735 3286 juvat.
785 3196 867 3262 Cum
888 3197 1038 3288 sapientes
1061 3200 1127 3266 riri

134 3302 320 3394 obsequium
352 3324 443 3365 suum
475 3299 665 3365 testificaturi
697 3301 835 3382 veniant,
867 3301 978 3365 vexilla
1010 3326 1125 3369 ecrram

56 3484 59 3489 .
128 3406 272 3493 aspicere
294 3406 387 3492 juvat.
431 3403 613 3492 Aggregata
643 3404 754 3469 vexilla
782 3416 813 3469 et
841 3403 931 3494 signa
960 3405 1023 3469 huc
1045 3405 1125 3473 illuc

16 3559 22 3573 .
136 3519 322 3593 moventur3
344 3507 468 3596 'agitata
493 3506 697 3595 tintinnabula
723 3520 753 3572 et
781 3509 1006 3597 constrepentia
1028 3533 1125 3577 suum

136 3610 409 3674 Houei·ho.uei
434 3609 637 3698 ingeminant.
691 3612 863 3701 Quadrigas
892 3611 1019 3677 trahunt
1040 3624 1124 3680 trac·

136 3712 211 3778 torii
230 3725 261 3776 et
283 3712 427 3799 adjutorii
441 3712 530 3801 equi3
552 3736 628 3802 quae
646 3713 748 3778 omnia
770 3715 911 3780 virorum
933 3716 1123 3807 sapientium

136 3816 300 3882 adventum
321 3815 503 3902 significant.
