2370 4334
129 225 191 301 aaa
461 183 753 278 enitens

133 384 289 453 contineri
307 395 416 474 potest
462 384 616 457 Quinoim
637 384 719 448 diem
744 382 929 447 condixerat.
967 381 1028 465 Sex
1053 382 1120 447 dies

131 490 336 583 praeteriere,
358 511 459 578 nequo
476 489 543 575 ejus
560 480 729 577 conspectu
743 486 842 566 fruor.

548 608 704 621 ——-

195 662 230 727 Si
252 660 306 725 ille
324 671 469 726 venatum
490 671 556 741 eat,
578 685 687 725 arcum
708 659 742 722 in
766 682 821 722 suo
845 657 1013 723 involucro
1037 682 1125 722 com·
1182 741 1184 744 y

133 789 257 857 ponam.
300 764 335 830 Si
355 764 510 854 piscatum
528 777 596 855 eat‚l
614 765 728 831 lineam
742 762 941 855 piscatoriam
954 763 1123 852 adornabo.

74 918 76 924 ,
198 939 285 1011 Quos
308 940 431 1003 tandem
458 939 605 1028 piscando
628 938 727 1026 pisces
748 932 976 1024 apprehendit?
1022 924 1127 1000 Pisces

133 1042 336 1132 'eliosFang
349 1041 426 1109 alios
443 1042 516 1106 Siu
531 1041 647 1128 dict0s3
668 1040 768 1130 pisces
783 1041 908 1129 Fang;
926 1039 1131 1130 piscesSiu;

133 1171 212 1236 quos
232 1169 361 1212 cernere
381 1147 475 1235 juvat.
539 1231 610 1297 Od
675 1243 712 1298 '3
1083 1150 1088 1163 '

632 1254 649 1295 e
716 1279 722 1292 .

198 1330 352 1455 Fru⁸grnn¹
371 1361 460 1428 Cho
475 1385 497 1427 u
530 1361 632 1452 prima
664 1348 806 1452 germina
833 1386 924 1450 quam
952 1361 1129 1442 luxuriant,

73 1517 75 1521 η
135 1468 235 1532 imbre
261 1468 441 1557 opimantur
461 1464 525 1528 illa.
568 1464 682 1554 Longe
704 1465 779 1528 abeo
801 1489 908 1530 versus
930 1478 1073 1530 austrum
1100 1478 1131 1531 et

138 1571 286 1688 princeps
309 1571 488 1661 Chao-pe
506 1593 591 1634 meos
608 1568 726 1634 solatur
743 1567 872 1634 labores.

199 1770 326 1858 Bajulos
344 1769 483 1858 egimus,
507 1791 620 1849 currus
639 1768 801 1848 maximus,
824 1770 919 1834 boum
938 1794 1048 1836 curam
1059 1794 1131 1860 ges-

136 1875 250 1954 simus,
273 1872 386 1963 quibus
402 1870 550 1935 'omnibus
561 1919 570 1953 ,
594 1896 665 1936 cum
688 1874 751 1960 jani
770 1871 908 1937 defuncti
922 1874 1044 1954 simus,
1069 1875 1132 1939 erit

140 1978 270 2043 sortasse
285 1988 323 2041 ut
338 1977 507 2042 redeamus.
596 2034 600 2041 .
955 1962 966 1973 '⁵
1093 1966 1098 1981 '
1182 1970 1184 1975 ⁵

551 2092 707 2110 m—

157 2204 161 2211 .
189 2150 365 2239 ..Quidquid
386 2149 523 2239 partinet
545 2151 582 2213 ad
607 2151 722 2238 pedites
745 2164 798 2216 aut
823 2157 873 2216 e'os
899 2151 955 2241 qui
982 2151 1133 2216 curribus

139 2254 312 2335 vehuntur,
334 2255 374 2318 ad
391 2251 558 2317 hominum
575 2263 692 2318 turmas
709 2268 829 2320 nostras
844 2255 907 2320 sive
924 2254 1028 2334 illam,
1050 2276 1135 2343 quae

124 2354 229 2441 chi,
252 2357 315 2424 sive
336 2380 422 2437 eam,
445 2380 523 2446 quae
539 2355 620 2421 Liu
640 2358 772 2439 dieitur,
795 2358 874 2422 illud
894 2381 985 2421 omne
1010 2356 1134 2446 persec-

80 2490 86 2499 ¹
132 2444 206 2525 fisum
228 2471 282 2525 est
328 2460 381 2524 Sic
396 2472 510 2540 restat,
533 2471 569 2522 ut
589 2462 626 2524 ad
642 2461 772 2551 propria
790 2464 958 2526 redeamus.
999 2498 1003 2507 ·
1082 2454 1086 2459 ’

204 2630 293 2720 Opus
308 2629 387 2694 illud
406 2629 440 2693 in
455 2628 585 2719 regiona
603 2630 668 2697 Sie
685 2634 773 2720 cujus
788 2633 934 2722 princeps
952 2632 1134 2723 Chao-pe

139 2708 250 2820 aiictor
273 2733 475 2814 saisentur,
498 2733 644 2800 firmitate
662 2759 716 2803 sua
734 2737 873 2803 consistit
889 2750 919 2802 et
937 2736 1047 2817 prdine
1067 2738 1134 2826 pla-

141 2849 198 2926 cet3
223 2837 287 2906 Qui
302 2835 388 2899 ducti
405 2834 536 2900 fuerunt
551 2838 681 2921 milites,
703 2839 798 2904 sortes
814 2853 845 2905 et
858 2842 985 2909 strenui.
1010 2841 1135 2909 Chao·

139 2962 187 3028 pe
202 2939 355 3039 principis
375 2963 517 3004 curares
539 2952 601 3005 tota
619 2941 756 3031 perfecta
773 2955 826 3011 est
1042 2938 1045 2947 ’
1123 2954 1126 2959 ’

560 3071 716 3091 *μ

203 3139 320 3204 Terras
339 3139 495 3229 depressas
510 3154 737 3230 aequaverunt,
758 3145 822 3231 jam
842 3144 944 3210 fontes
960 3169 1040 3235 aqua
1064 3147 1135 3213 lim-

116 3242 221 3333 apida'
234 3244 353 3324 fluunt,
382 3243 476 3334 idque
503 3244 598 3333 ope'ra
625 3245 778 3337 principis
802 3241 906 3313 chao
914 3244 979 3338 'pe
986 3275 996 3335 3
1029 3251 1137 3343 itaquo

141 3347 309 3438 imperator
328 3346 393 3436 jam
408 3345 577 3436 quietoest
594 3348 708 3415 animo.
955 3344 971 3371 ‘'
1095 3350 1124 3365 ’“

549 3446 672 3559 Ode
692 3452 732 3548 ’4.

44 3588 48 3593 ’
93 3555 125 3638 ⁶?
206 3589 240 3652 ln
257 3591 348 3655 terris
364 3557 513 3681 depressis
531 3572 672 3656 consitae
681 3593 806 3659 arbores
818 3559 900 3658 mori
911 3583 1048 3691 pulchro
1062 3611 1139 3664 sunt

142 3703 285 3778 aspectu,
316 3695 478 3784 densisque
497 3694 669 3760 frondibus.
715 3695 797 3762 Cum
818 3699 964 3788 sapientis
980 3699 1044 3764 viri
1063 3727 1138 3766 con-

28 3833 30 3839 ·
121 3805 251 3884 'spectu
268 3796 371 3878 fruar,
392 3823 454 3886 qus
469 3802 589 3867 tandem
603 3799 718 3867 laetitia
734 3801 957 3908 perfundant¹
988 3836 994 3861 ‹
