2370 4334
437 235 511 298 Pina
530 235 550 297 Ι.
575 235 646 300 Cir.
664 247 694 306 8.
1008 254 1069 313 ιιι

66 394 81 442 '-
148 406 185 470 ln
202 407 293 471 terris
312 408 462 497 depressis
481 409 617 474 consitae
640 409 765 476 arbores
785 413 903 492 mori,
913 426 1005 502 qnam
1026 416 1072 501 Ju-

79 512 186 575 cundo
199 523 272 576 sunt
289 523 431 602 aspecto,
451 513 605 578 arborum
616 513 740 580 frondes
758 529 874 613 quanto
886 529 959 582 sunt
974 518 1073 608 splen-

79 617 194 680 dore!
209 618 373 687 Quomodo
397 641 462 682 ιιοιι
487 593 663 709 gauderem
681 621 719 685 ad
741 619 887 715 'sapientis
912 622 974 686 viri
1002 626 1073 688 co'n-

20 746 25 763 ·
81 731 256 810 spectum..
890 734 893 743 “
1036 734 1051 747 “

147 825 182 888 ln
199 824 314 889 humili
331 825 397 890 solo
412 825 549 891 consitae
563 827 688 893 arbores
701 828 784 916 mori
799 841 926 919 aspectu
939 829 1074 921 placent,

81 927 309 1019 frondesque
283 954 391 994 earmn
402 929 557 997 viriditate
573 955 627 996 sua
644 933 761 1020 juvant.
792 934 891 1022 cujus
907 947 1075 1039 conspectu

82 1033 190 1116 fruor,
217 1032 271 1096 ille
288 1045 334 1098 est
339 1081 350 1114 ,
376 1035 466 1121 cujus
482 1035 582 1100 virtus
600 1034 715 1101 firma
709 1049 740 1102 et
757 1051 899 1104 constans
916 1049 970 1103 est.

151 1137 299 1201 Amorem
315 1162 420 1202 meum
437 1142 593 1229 quomodo
607 1165 671 1207 non
692 1137 868 1207 declarem?
894 1110 1009 1206 Animi
1014 1140 1074 1204 mei

83 1264 192 1307 sensus
211 1243 381 1307 recondam
402 1241 491 1326 licet,
523 1243 667 1339 nunquid
686 1269 828 1335 unquam
849 1245 978 1347 th'us
969 1267 1075 1347 nnme-

83 1369 157 1409 mor
175 1341 254 1410 ero?

489 1433 593 1498 Ode
637 1436 668 1500 5.

155 1540 276 1618 Plantae
306 1553 411 1617 Hien
446 1553 545 1618 dictae
570 1554 656 1620 albae
688 1567 718 1621 et
752 1556 877 1622 florenti
901 1505 1143 1621 advolvimtfft

78 1657 193 1763 'planta
212 1657 276 1721 Pe·
283 1681 377 1721 mao.
411 1657 480 1722 Jam
499 1657 553 1723 ille
575 1684 592 1723 a
609 1684 660 1724 me
677 1659 802 1726 dissidet
818 1672 848 1726 et
860 1685 911 1726 me
929 1638 1096 1761 deseruit.

148 1858 271 1924 Micans
282 1866 315 1922 ιι
324 1868 454 1922 'corusca
469 1852 571 1923 nubes¹
585 1858 655 1924 albo
672 1860 777 1925 colore
788 1861 875 1927 nitet.
901 1861 963 1925 Ros
981 1883 1075 1950 supra

83 1961 206 2052 plantas
225 1962 324 2028 Hien
349 1975 380 2027 et
400 1964 490 2026 Mao
517 1963 639 2027 decidit.
683 1965 773 2029 Dura
798 1977 830 2030 et
851 1962 991 2029 difficilia
1011 1964 1075 2052 jam

86 2066 211 2131 coelum
229 2066 368 2132 molitur.
413 2066 473 2132 Sed
492 2066 548 2130 ille
568 2066 646 2143 haec
664 2067 744 2132 nihil
762 2064 860 2133 cu'rat.
980 2108 1003 2141 ,·

122 2331 125 2335 ,
148 2254 247 2332 Exilii
265 2273 296 2332 et
315 2267 398 2333 lenta
414 2268 485 2333 fluit
498 2251 577 2357 aqua
593 2291 700 2351 versus¹
717 2265 856 2350 boream,
870 2289 959 2358 ‚quae
971 2278 1076 2335 tomen

84 2369 190 2434 orizae
215 2393 308 2460 agros
332 2371 454 2435 abunde
479 2370 601 2462 irrigat.
656 2368 740 2436 Inter
766 2371 898 2461 suspiria
919 2382 951 2434 et
975 2369 1076 2436 tristes
1146 2450 1149 2459 Ι

85 2486 196 2539 cantus
213 2498 363 2566 moerore
377 2474 528 2565 conficior
549 2475 681 2558 intimo,
701 2475 809 2555 etviri
830 2474 993 2553 clarissimi
1014 2495 1076 2555 ιιιςς

84 2560 220 2642 moriam
244 2578 369 2643 refrico.

505 2673 662 2686 ..αι-

120 2774 122 2779 ’
149 2760 281 2847 Arboris
305 2779 388 2843 mori
406 2776 504 2869 lignis
524 2777 631 2845 focum
655 2780 808 2864 acoend03
823 2782 890 2845 ¹sed
913 2776 1077 2845 clarissimi
1114 2796 1117 2801 ·

85 2884 148 2951 viri
166 2883 318 2973 cogitatio
336 2907 442 2989 meum
460 2894 544 2949 certe
562 2882 685 2956 cruciat
701 2883 852 2948 animum.
954 2936 958 2949 .
1009 2924 1019 2945 .
1066 2932 1070 2943 .

110 3046 189 3169 ln
204 3083 330 3149 aedibus
329 3083 443 3174 regiis
454 3082 577 3173 pulsata
593 3107 742 3201 campana
753 3082 831 3149 foris
848 3085 982 3163 auditur
994 3016 1076 3177 Egi

85 3212 163 3255 vero
180 3189 285 3255 virum
299 3187 440 3277 cogitans
458 3185 543 3252 omia
558 3187 654 3267 variis
672 3212 811 3285 premor.
840 3189 886 3268 Si
889 3184 1077 3282 contingat,

85 3286 124 3359 nt
145 3293 179 3356 in
199 3318 249 3358 me
270 3291 418 3380 conjiciat
436 3288 564 3373 oculos,
593 3315 655 3357 nec
678 3317 766 3358 mora
786 3293 850 3358 obit
868 3291 923 3355 ille
942 3293 1078 3413 (meque

85 3396 217 3465 omnino
172 3395 398 3573 negligit).

86 3672 225 3738 circuitu
242 3674 279 3736 ad
293 3673 475 3763 piscandum
488 3687 670 3765 posuerunt.
686 3671 815 3739 Ciconia
828 3637 930 3745 liutem
943 3662 1051 3768 degit
1042 3690 1076 3732 m
1115 3706 1119 3712 ·
1143 3672 1150 3690 “

86 3776 192 3866 sylvis.
215 3776 275 3842 Vir
291 3791 401 3844 autem
409 3779 595 3845 clarissimus
603 3803 709 3844 meum
722 3788 805 3843 corte
822 3777 910 3867 angit
925 3776 1073 3876 animum
1180 3776 1183 3780 ’
