2370 4334
124 217 186 277 ¹22
482 205 557 269 Pras
574 201 607 266 ll.
632 201 703 267 Car.
716 213 745 270 6.

96 379 226 444 ‘omnia
254 379 414 463 decenter3
450 376 522 441 inde
547 375 683 465 ¹spiritus
711 373 852 439 defensor
883 367 965 435 adest
993 366 1115 450 dexter,

120 483 244 602 magnis
272 483 361 546 bonis
389 504 442 546 eos
467 485 709 581 remuneratur,
729 477 960 543 immortalitate
992 474 1116 541 scilicet

120 589 204 678 ipsos
227 588 329 651 donat.

140 760 244 824 Pro
256 758 384 824 viribus
407 770 439 824 et
459 746 604 822 facultate
626 768 731 837 nostra
758 699 819 819 hoc
847 753 950 820 officio
973 753 1116 834 defuncti
1114 739 1144 802 s

120 878 237 962 sumus,
259 863 434 954 nihilque
424 887 459 928 ιιι
480 862 591 927 sitibus
612 848 803 952 peragendis
812 859 1015 965 peccavimus.
1046 847 1115 930 (lui

119 968 336 1086 precationum
367 990 474 1034 curam
501 967 587 1058 gerit
612 989 668 1030 nos
694 967 852 1044 admonet,
885 956 983 1029 multa
1004 964 1116 1028 fritura

121 1095 185 1138 esse
195 1072 331 1137 hona
310 1095 363 1154 us,
386 1071 442 1162 qui
462 1071 510 1162 pii
531 1082 603 1135 sunt
624 1095 701 1162 erga
721 1081 880 1160 parentes,
913 1081 944 1133 et
965 1081 1116 1159 magnam

119 1172 301 1242 'felicitatem
323 1176 390 1241 ad
381 1199 522 1266 ipsorum
543 1187 670 1264 nepotes
684 1176 903 1257 deventuram3
926 1174 1016 1262 dapes
1034 1197 1118 1262 quae

120 1281 173 1372 pie
195 1282 229 1346 in
250 1305 382 1348 avorum
403 1279 586 1344 memoriam
607 1279 819 1342 celebrandam
834 1278 950 1341 oblatae
973 1277 1116 1359 fuerunt,

81 1390 92 1407 ⁵
122 1386 260 1451 suaviter
286 1383 474 1465 redolentes,
511 1383 566 1448 has
599 1383 766 1448 oblationes
798 1383 944 1473 spiritum
976 1393 1117 1470 acceptas

121 1488 282 1571 habuisse,
304 1489 358 1552 has
381 1511 479 1572 escas,
502 1483 563 1554 hoc
575 1487 685 1555 vinum
701 1487 877 1576 probavisse
884 1536 894 1569 ,
917 1486 1021 1550 omnia
1042 1511 1117 1575 pro·

122 1618 212 1684 spera
232 1619 291 1683 pro
312 1596 392 1660 votis
413 1593 526 1659 nostris
555 1593 644 1657 nobis
672 1600 820 1656 eventura
847 1592 880 1654 in
904 1590 1117 1655 testimonium

122 1698 259 1786 (pietatis
283 1722 358 1788 erga
379 1709 522 1787 parentes
544 1709 697 1782 nostrae),
720 1707 750 1760 et
768 1696 840 1784 quia
855 1696 902 1759 his
918 1695 1118 1759 caerimoniis

122 1799 357 1890 diligentissime
379 1800 535 1890 perfuncti
557 1824 679 1881 sumus,
724 1800 781 1863 tibi
811 1812 852 1872 (o
874 1797 1119 1888 paterfamilias)
1180 1813 1181 1816 ’

122 1903 335 1994 promittitur,
358 1903 434 1994 quid
455 1922 627 1985 saunmum,
651 1903 725 1993 quid
740 1915 919 1968 aeternum·
911 1916 1064 2024 ,tuaque
1082 1903 1117 1967 in

87 2082 92 2097 ι
121 2007 233 2123 dies,
224 2032 258 2072 ιιι
279 2007 366 2072 mille
388 2019 420 2074 et
427 2000 540 2074 millia
564 2020 679 2073 crescet
700 2007 838 2073 felicitas

67 2320 71 2325 ff
187 2245 297 2313 linitis
320 2246 514 2311 caerimoniis
536 2245 660 2336 pulsare
683 2263 871 2364 campanam,
894 2245 1017 2335 pulsare'
1038 2257 1119 2335 ψῃ-

121 2374 240 2449 panum
262 2351 424 2417 abstinent
466 2350 513 2416 Pii
534 2362 661 2441 nepotes
682 2351 814 2468 quisque
837 2352 937 2414 sedem
960 2373 1049 2413 suam
1057 2374 1119 2433 re·
1151 2372 1165 2419 ·,

83 2480 97 2492 ·
123 2453 211 2544 petit.
248 2454 312 2528 Qui
332 2452 562 2544 precationibus
584 2465 722 2543 praeest,
745 2455 788 2539 sio
805 2431 965 2572 loquitur.
990 2453 1122 2542 spiritus

126 2557 296 2622 oblationes
318 2570 433 2623 vestras
456 2570 592 2647 acceptas
615 2557 764 2639 Ιιιὼιι,Ι
755 2584 788 2623 ιιι
815 2559 914 2647 iisque
940 2557 1142 2646 acquiescit-

125 2662 190 2748 (tui
211 2672 408 2726 mortuorum
428 2685 591 2753 personam
613 2663 695 2752 gerit
717 2663 902 2726 reverendus
924 2661 1000 2726 Chi
1019 2661 1122 2728 dictus

124 2777 193 2850 tum
215 2766 333 2855 surgit,
356 2756 490 2856 eumq'ue
513 2790 676 2855 campanae
699 2779 730 2832 et
752 2779 898 2856 tympana
920 2767 1001 2830 sonis
1015 2766 1121 2849 vmusi-

125 2868 367 2963 cisercipiunt,
390 2881 421 2934 et
442 2870 606 2961 abeuntem
628 2871 823 2935 comitantur.
861 2871 996 2959 Spiritus
1015 2883 1120 2961 patro-

125 2995 184 3037 nus
206 2975 259 3046 (ad
274 2974 510 3064 sedessuperas)
533 2987 665 3060 remeat3
687 2998 745 3039 nec
761 2999 858 3056 mora,
878 2975 933 3065 qui
951 2975 1121 3041 adfuerunt
1177 2996 1183 3015 ⁰

71 3063 73 3069 ,
125 3077 188 3143 viri
209 3078 367 3168 primarii,
397 3103 456 3143 nec
480 3103 545 3143 non
573 3092 713 3145 matrona
741 3080 825 3143 domi
850 3080 973 3159 domina
993 3065 1120 3165 recedit.

124 3182 216 3250 Pater
237 3193 341 3249 autem
361 3182 492 3249 familiis
521 3208 595 3250 cum
621 3184 683 3250 suis
709 3182 857 3249 fratribus
879 3183 1026 3274 privatim
1048 3182 1121 3249 con-

34 3294 52 3323 *
126 3287 259 3356 vivatur.
365 3344 367 3351 .
393 3315 396 3322 ’

208 3408 222 3437 ἱ

191 3478 397 3544 Instrumenta
424 3481 541 3569 musica
566 3480 601 3544 in
627 3480 769 3545 cubicula
800 3480 947 3544 interiora
976 3470 1147 3553 caedium*

115 3582 355 3682 parentalium)
377 3597 590 3674 asportantur,
622 3584 657 3649 fit
683 3596 849 3648 concentus
874 3583 1010 3677 musicus
1033 3595 1065 3647 et
1086 3583 1122 3648 in

128 3687 252 3775 futurae
278 3687 432 3753 felicitatis
461 3714 514 3778 spe
543 3689 766 3805 conquiescunt
795 3688 853 3753 illi
884 3680 1052 3753 Fercula
1068 3700 1123 3754 tua

107 3784 370 3886 apponuntur,
391 3817 505 3883 magna
536 3788 714 3859 animorum
746 3766 910 3875 concordia
942 3818 1122 3925 magnoque
