2370 4334
140 240 202 300 tte
408 180 411 187 Ι
495 229 570 292 Pin
589 227 637 291 tlt
669 227 786 294 Cant.

136 423 249 490 surges
268 426 284 466 e
311 401 407 481 laeto,
439 401 503 465 sire
528 413 618 466 nocte
646 403 756 489 jaceas
769 401 801 463 in
828 400 906 463 leoto
917 447 941 479 ,.
957 400 1023 461 sive·
1041 400 1135 463 aedes

31 548 33 552 ι
136 517 203 570 tues
221 530 300 594 aqua
319 528 505 595 consperges
525 517 556 569 et
573 528 694 585 verres,
717 505 768 586 (in
786 504 879 567 rebus
893 502 1079 595 levissinpis)
1099 514 1136 567 tu

135 609 225 673 debes
242 608 309 672 aliis
327 608 449 697 praeire
463 608 612 698 exemplo.
654 610 770 682 (Quod
787 609 823 670 ad
843 633 956 696 magna
974 606 1136 707 pertinet)

136 713 268 779 Cunus
280 725 310 777 et
328 736 441 802 equos,
465 736 553 776 arcus
574 724 604 777 et
621 713 757 802 sagittas,
770 737 853 775 arma
872 722 902 774 et
916 704 1037 800 gladios
1054 736 1134 803 pare

135 828 166 884 et
180 819 295 880 adorna
301 864 312 896 ,
335 818 373 881 ed
386 814 505 881 bellum
522 815 663 881 futurum
682 827 710 881 te
729 816 870 906 accinge,
892 814 1016 879 barbari
1038 817 1134 881 Men

137 920 321 1005 (australes)
345 919 457 1010 procul
475 920 607 1009 areendi.

549 1051 704 1063 --—-—

199 1120 231 1185 ld
250 1145 322 1212 age,
346 1133 381 1186 ut
399 1120 534 1211 populos
560 1132 629 1184 tuos
649 1122 785 1184 docendo
810 1119 951 1210 perficias
958 1166 982 1202 ,-
997 1120 1081 1206 juris
1101 1132 1132 1185 et

135 1224 227 1315 aequi
243 1236 273 1289 et
289 1249 367 1316 quae
386 1237 456 1291 sunt
471 1236 523 1289 tua
539 1223 654 1314 Reguli
672 1224 799 1314 propria
818 1223 920 1288 officia
939 1249 1051 1289 eorum
1069 1216 1132 1288 serss

133 1329 328 1394 ventissimus
348 1340 433 1415 est03
457 1320 535 1419 quie
555 1340 677 1418 praeter
702 1328 881 1417 opinionem
902 1329 1041 1392 accidere
1059 1352 1131 1418 pos-

19 1506 22 1510 ,
134 1422 220 1512 sunt,
250 1457 286 1497 ea
314 1455 470 1523 praecave.
517 1434 604 1503 Quae
632 1423 767 1522 loqueris
801 1456 909 1496 eorum
933 1432 1132 1522 diligentiam

132 1536 269 1617 adhibe,
288 1537 321 1599 in
342 1549 396 1600 tue
420 1535 482 1600 oris
505 1535 613 1600 habitu
638 1534 718 1617 nihil
744 1535 781 1599 sit
802 1535 996 1617 indecorum,
1021 1534 1131 1600 omnia

131 1637 260 1705 honeste
279 1650 308 1703 et
330 1641 369 1704 ad
389 1624 522 1729 speciem
545 1622 713 1728 compesita
740 1639 808 1703 sint.
852 1641 887 1704 In
905 1640 1050 1705 omnibus
1071 1639 1134 1707 hu-'

132 1742 271 1805 inanitati
307 1744 402 1808 stude.
458 1744 491 1807 Si
516 1768 656 1833 gemmae
684 1743 757 1807 insit
782 1743 918 1823 macule,
950 1743 1130 1834 laevigatur

132 1870 255 1936 gemma
271 1858 301 1911 et
320 1846 423 1911 nativo
444 1844 600 1936 splendori
619 1848 765 1912 redditur.
811 1847 844 1911 Si
862 1848 993 1912 verbum
1013 1871 1128 1938 perpe·

131 1974 198 2013 ram
215 1949 411 2042 proseratur,
434 1949 541 2015 nullus
557 1951 693 2015 remedio
711 1950 797 2016 locus
819 1950 1016 2041 relinquitur.

195 2151 241 2216 Ne
260 2152 300 2216 sis
317 2151 351 2217 in
366 2151 521 2242 loquendo
535 2149 610 2216 levis
628 2162 657 2215 et
674 2151 881 2232 inconsultus,
904 2151 971 2215 noli
986 2152 1128 2216 incurio-

92 2341 98 2355 ο
134 2278 184 2320 sus
201 2279 273 2320 esse.
319 2254 374 2333 (Si
395 2255 550 2346 loquendo
576 2255 631 2318 tibi
649 2255 714 2345 ipse
731 2279 796 2318 non
815 2256 1025 2345 praecaveris)
1046 2256 1128 2322 Nul-

130 2358 180 2424 lus
202 2371 247 2424 est
264 2360 318 2449 qui
336 2359 478 2450 linguam
495 2360 579 2425 tuam
600 2359 742 2448 arripiet,
765 2370 796 2422 et
815 2385 832 2422 a
850 2360 1003 2448 loquendo
1026 2363 1126 2426 eonti-

130 2473 219 2551 ueata
236 2465 325 2529 -Non
343 2475 415 2528 sunt
429 2464 523 2530 rerba
545 2475 660 2543 temere
679 2461 871 2551 proferenda.
903 2456 977 2530 Non
993 2477 1040 2529 eet
1055 2489 1126 2529 ver-

59 2606 60 2610 =
130 2576 207 2629 bum
235 2565 391 2643 (maxime.
408 2566 581 2656 principie)
610 2568 692 2654 qued
714 2566 838 2631 irritum
859 2570 960 2653 cedet,
989 2592 1059 2640 non
1078 2581 1127 2635 est
1175 2618 1178 2625 .

123 2669 227 2743 -rirtus
245 2694 323 2760 quae
346 2693 432 2736 suam
450 2694 515 2735 non
531 2668 640 2735 habeat
654 2672 834 2735 mercedem.
873 2671 906 2736 Si
920 2672 1034 2737 amieos
1052 2683 1125 2737 tuos

113 2768 209 2843 ‘bene
236 2774 428 2853 tractaveris,
457 2774 610 2866 populum
634 2786 663 2839 et
682 2772 762 2839 filies
785 2786 851 2840 tues
875 2776 934 2839 tibi
948 2799 1055 2840 tunore
1071 2778 1125 2841 de·

130 2878 276 2959 vinxeris,
299 2877 446 2944 continua
460 2878 519 2941 erit
537 2889 567 2941 et
585 2890 731 2968 perpetua
745 2891 891 2966 nepotum
906 2890 1035 2945 tuorum
1051 2904 1124 2967 pro·

129 2981 235 3078 geniee
244 3029 254 3063 ,
278 2991 308 3046 et
325 2992 431 3072 gentes
448 3005 553 3046 omnes
574 2982 632 3053 tibi
646 2982 779 3049 addictae
798 2983 881 3050 fient.
916 3048 918 3053 .

192 3190 272 3255 Cum
297 3190 330 3254 in
355 3191 446 3255 unici
470 3192 515 3257 tui
544 3193 683 3280 sapientis
704 3192 764 3256 viri
786 3204 980 3279 conspectum
1002 3182 1129 3274 venies,

128 3292 209 3365 nihil
236 3294 336 3360 tetrici
360 3295 453 3360 sitin
478 3295 585 3376 vultu,
615 3299 666 3360 sed
689 3297 824 3388 benigne
847 3296 1121 3384 unicum'exeipe,

128 3397 166 3463 id·
182 3422 299 3486 semper
317 3399 444 3480 timens,
465 3424 504 3463 ne
523 3401 596 3490 quid
614 3426 734 3487 pecces3
757 3426 828 3466 cum
847 3402 930 3492 dorni
946 3402 1122 3487 versaberis

126 3501 166 3565 ab
186 3501 350 3568 hominurn
369 3515 534 3590 conspectu
556 3518 708 3586 remotus,
741 3505 791 3570 rel
812 3506 912 3594 ipsum
936 3504 1123 3571 cubiculum
1143 3524 1145 3529 '

127 3616 159 3668 et
178 3603 308 3671 latebras
328 3618 394 3671 tuas
413 3632 573 3689 reverere,
607 3634 646 3672 ne
665 3609 833 3699 quidquam
852 3621 939 3696 turpe
951 3609 997 3672 'in
1016 3621 1048 3690 te
1070 3613 1121 3676 ed-

126 3707 246 3795 niittas‚
269 3710 390 3776 dicens:
403 3736 469 3805 „res
489 3713 549 3781 erit
571 3725 700 3793 secreta,
722 3738 780 3778 nec
801 3725 898 3802 potest
920 3714 959 3777 ah
981 3712 1134 3782 honuni--

125 3812 183 3879 bus
203 3812 328 3900 resciri,
351 3815 388 3878 ab
411 3814 589 3883 homitibus
606 3817 712 3897 videri.
758 3818 829 3890 Quo
848 3841 879 3885 se
901 3818 1026 3906 spiritus
1042 3845 1121 3888 [eon-
