2370 4334
159 252 225 313 290·
449 243 567 307 Nonas.
589 245 710 310 Pansll.
742 247 813 312 Car.
830 260 860 317 6.

159 416 237 481 duaa
265 413 357 478 simul
384 415 569 532 conjunctae
601 417 727 507 quintae
749 409 986 510 magnitudinis,
1018 436 1150 513 quatuor

131 581 134 587 .
158 520 297 611 reliquae
326 530 379 584 aut
403 519 524 609 primae
554 530 607 584 aut
631 521 738 586 tertiae
766 524 1010 613 magnitudinis3
1044 528 1148 594 sideris

152 625 242 690 'illius
263 647 345 688 nona
366 622 454 688 stella
474 634 519 687 est
539 622 573 686 in
594 636 729 714 pectora.
774 627 857 698 Quia
878 628 1073 694 constellatio
1094 631 1147 697 illa

156 729 292 818 liguram
312 726 385 791 retis
406 726 605 816 exprimebat,
626 726 708 792 hanc
727 729 808 795 coeli
822 741 887 800 rete
905 732 1027 797 Tien-
1014 734 1073 824 -pi
1094 760 1145 861 ap·

155 831 328 920 pellebant,
351 852 431 919 quae
452 853 536 894 nunc
557 843 622 896 rete
644 832 695 896 Pi

219 935 330 999 Teon
355 958 417 998 una
445 956 484 996 ex
506 936 548 1000 28
569 933 851 1015 constellationibus
872 937 1045 1006 cochlearis
1065 939 1142 1032 ligu-

154 1061 222 1104 ram
242 1036 397 1124 referens,
431 1049 550 1102 constat
570 1060 622 1102 sex
643 1037 756 1120 stellis,
789 1066 923 1129 quarum
944 1043 1024 1107 duae
1045 1043 1079 1108 in
1101 1062 1155 1109 sa·

153 1141 273 1233 gittarii
294 1165 383 1206 arcus
404 1148 492 1231 p'arte
512 1139 671 1241 boreali,
666 1153 811 1209 tcaeterae
833 1156 967 1234 quatuor
989 1157 1065 1211 sunt
1085 1159 1141 1212 tra·

152 1247 279 1336 pezium
293 1245 434 1311 scilicet
425 1270 458 1309 ιιι
477 1267 564 1309 armo
581 1244 671 1309 tertia
682 1245 827 1335 trapezii,
851 1246 908 1312 sub
921 1246 1017 1313 axilla
1035 1263 1141 1339 quarta

152 1351 282 1441 trapezii
304 1360 335 1414 et
356 1360 490 1414 caeterae
511 1347 648 1436 trapezii.

214 1454 277 1533 Hi,
299 1452 358 1518 vid.
372 1461 459 1515 notas
480 1451 514 1513 in
535 1451 584 1515 od.
601 1450 632 1516 6.
653 1450 748 1538 hujus
770 1451 876 1589 capitis
896 1452 954 1520 uhi
974 1421 1053 1531 haec
1071 1480 1141 1522 con·

150 1557 282 1623 stellatio
303 1554 417 1620 dicitur
437 1556 536 1619 Nau·
543 1552 588 1618 lai.

456 1653 462 1666 '
546 1656 576 1720 Ο
598 1658 617 1721 d
638 1680 655 1721 e
704 1681 749 1721 ιο.

212 1761 296 1825 Gens
317 1759 430 1823 misera
452 1755 655 1823 calamitatem
677 1780 765 1822 suam
785 1760 884 1823 deflet.

210 1863 295 1932 Anni
316 1859 488 1926 lunationes
509 1857 573 1926 sive
593 1883 712 1926 menses
733 1859 858 1926 lunares
876 1848 1016 1930 hicnon
1030 1888 1135 1933 secun«

145 1973 219 2036 dum
240 1964 395 2057 dynastiae
408 1963 570 2029 Tcheou
591 1964 799 2029 calendarium
820 1967 872 2031 sed
893 1970 1066 2035 secundum
1081 1973 1133 2060 dy·

144 2073 260 2142 nastiaa
282 2070 362 2136 Hie.
407 2068 475 2133 Vid
497 2080 561 2133 not
584 2068 618 2132 in
638 2068 661 2132 Ι.
687 2069 735 2133 15.
758 2066 856 2133 initio.

208 2172 433 2263 liueplanta,
455 2171 515 2240 vid.
537 2183 601 2237 not
624 2172 700 2237 inl.
724 2193 753 2237 s.
776 2175 806 2236 3.
831 2163 869 2237 ad
889 2171 973 2240 hanc
994 2176 1130 2266 plantam

141 2280 239 2347 altera
260 2277 357 2344 Ouei
370 2276 456 2340 dicta
477 2273 674 2340 similitudine
696 2275 818 2340 accedit.

92 2416 96 2425 ¹
206 2384 235 2448 Y
256 2383 349 2447 arbor
370 2377 453 2444 foliis
474 2378 577 2468 parvis
598 2390 628 2443 et
649 2379 836 2467 gracilibus,
858 2378 987 2446 bisulcis
1009 2393 1043 2447 et
1060 2402 1128 2447 acu·

142 2487 269 2550 minaeis
281 2530 291 2564 ,
324 2483 437 2547 cortice
465 2480 589 2563 scabro,
622 2492 767 2548 montana
795 2483 902 2562 arbor,
935 2485 1071 2573 adunata
1098 2495 1130 2547 et

141 2586 304 2653 confertim
334 2607 491 2666 crescens,
528 2607 567 2649 cx
600 2586 689 2672 cujus
724 2583 813 2673 ligno
838 2596 983 2652 rotarum
1011 2586 1127 2654 orbitas

140 2689 316 2756 conficiunt.

461 2793 568 2856 Norae
591 2816 623 2855 us
645 2791 748 2857 Cum
770 2804 800 2860 6.

528 2929 725 2994 Odes.

319 3037 421 3104 Magnas
439 3036 542 3102 imperio
560 3052 626 3085 suam
644 3036 684 3086 dat
701 3051 800 3102 operam
815 3036 928 3104 impiger.
991 3027 1036 3087 ,ἀ
1082 3077 1094 3099 ,

202 3123 310 3203 Sinas,
332 3120 387 3186 ubi
408 3144 425 3185 e
447 3120 525 3184 lecto
547 3130 762 3203 surrexerunt,
784 3120 885 3186 statim
905 3118 1055 3188 faciam
1076 3123 1124 3189 la·

1050 3236 1054 3244 ι
1108 3222 1113 3249 l

135 3239 242 3316 vant3
265 3225 322 3316 qui
340 3247 407 3290 mos
428 3223 549 3291 videurr
571 3224 723 3314 antiquus.

416 3390 423 3402 ,
537 3328 566 3393 Ο
585 3331 604 3393 ἀ
624 3353 641 3392 e
685 3351 714 3392 ι.

238 3438 340 3508 Quidam
357 3436 508 3506 negotiorum
526 3434 589 3487 mole
606 3452 733 3502 oppressus
750 3430 1004 3503 loquensinducitur.

625 3545 642 3583 e
709 3568 717 3583 .

142 3630 153 3660 '¹
195 3628 328 3715 Magnas
350 3627 386 3690 ad
407 3624 524 3690 bellum
537 3519 707 3713 [indpartel
725 3622 926 3688 occidentales
946 3623 1117 3712 profectus,

114 3769 116 3776 ·
129 3731 308 3816 aduentante
326 3729 408 3794 exitu
423 3727 496 3792 anni
514 3729 551 3792 ad
562 3750 632 3793 suos
642 3750 706 3792 non
720 3738 894 3810 recoraou,
907 3729 999 3816 quod
1012 3752 1123 3820 aeger·-

129 3833 208 3901 rime
229 3831 297 3901 fert.
