2370 4334
595 86 604 136 l

338 184 341 191 ¹
419 225 721 301 emmeno..
852 172 855 177 Ι
924 281 927 286 ,
1001 240 1062 303 177

140 395 241 463 Vento
258 397 433 463 vehementi
444 421 510 473 sus
533 409 578 465 est
598 394 665 485 ris3
694 401 749 490 qui
771 399 890 466 libidini
914 403 1064 502 serviunt,

67 514 173 569 sunt
165 501 289 592 oneris
306 501 435 577 humani
452 503 621 623 pernicies
626 515 657 571 et
676 502 778 592 pestis.
811 505 844 570 si
863 529 913 570 me
933 506 1063 587 audiret,

69 630 153 697 ego
147 605 285 696 quidem
310 580 482 697 loquerer,
502 608 554 673 sed
574 608 613 673 ad
631 607 728 685 verba
748 632 850 690 mea,
847 608 967 675 nescio
988 611 1064 700 quid
1124 630 1127 635 ·

69 709 230 791 mussitat,
260 733 331 776 eum
352 710 474 777 ebrium
496 711 634 776 diceres·
623 737 634 796 3
664 736 741 801 quae
763 711 846 778 bona
867 711 1049 780 consulo
1017 737 1063 778 nr·

11 862 16 871 -
69 815 121 881 bil
139 815 294 906 sequitur,
315 813 478 884 immome
494 816 558 881 ad
549 815 700 883 rnsaniem
719 815 824 907 adigit.

495 945 649 958 *-

128 1014 323 1084 ‚Amicorum
352 1027 529 1089 vestrorum
559 1015 659 1081 ricem
684 1015 782 1081 doleo.
834 1015 984 1106 Nunquid
1009 1016 1064 1081 ille

70 1142 147 1185 sum
170 1119 226 1209 qui
245 1118 496 1208 impetitorem
516 1116 710 1212 aggrediar?
750 1118 944 1209 Capiendum
963 1142 1065 1205 enem-¹

70 1222 165 1313 plum
188 1245 226 1287 ex
246 1221 446 1289 similitudine
467 1225 532 1290 svis
551 1248 629 1316 quse
644 1224 750 1289 volans
772 1223 936 1313 aliquando
954 1222 1064 1312 sagitta

71 1325 258 1418 attingitur,
290 1338 322 1393 et
345 1328 436 1393 etiarn
460 1327 711 1417 apprehenditur.
735 1404 738 1409 ⁴
764 1325 845 1393 Cum
872 1337 974 1390 sutem
1002 1350 1063 1416 ego
1154 1358 1160 1381 ›

71 1431 317 1521 aequibonique
335 1426 499 1497 consulens
517 1434 628 1498 accedo
642 1445 672 1498 et
688 1443 717 1496 te
734 1418 849 1496 salirbri
865 1429 977 1495 umbra
992 1453 1063 1519 pro·

41 1582 49 1591 s
71 1548 167 1629 tego,
188 1547 223 1600 tu
238 1533 335 1599 feroci
352 1534 442 1600 vultu
460 1535 558 1600 minas
575 1535 653 1600 mihi
675 1536 814 1601 intentas.

137 1694 205 1756 Jem
225 1689 361 1782 populus
376 1691 503 1755 modum
522 1690 626 1754 nescit.
650 1689 753 1757 Fidem
771 1713 857 1754 susm
874 1688 1061 1778 praedicant,
1093 1670 1147 1779 θ’]

51 1808 148 1862 ‘crim
166 1795 251 1886 pleni
274 1794 347 1861 dolo
372 1805 403 1858 et
423 1793 602 1884 versipelles
624 1806 746 1860 nectere
771 1793 895 1859 technas
915 1815 979 1856 non
999 1814 1060 1855 ces·

73 1911 151 1966 sent.
194 1897 272 1964 Aliis
292 1898 423 1963 nocendi
444 1898 508 1962 vias
529 1898 720 1988 excogitant,
743 1897 773 1962 id
791 1897 900 1975 veriti,
922 1919 961 1959 ne
979 1895 1063 1984 cogi-

71 2015 136 2069 tata
154 2000 304 2093 perficere
323 2001 426 2066 minus
451 1999 578 2089 possint.
622 1999 758 2089 Populus
782 1999 815 2062 in
836 1999 947 2064 vitium
969 1997 1062 2063 trahi-

73 2120 145 2189 tur,
168 2117 199 2172 et
217 2106 251 2170 in
270 2129 307 2171 eo
328 2116 411 2172 totus
429 2116 488 2185 est,
510 2115 547 2170 ut
565 2105 655 2194 pejor
679 2103 713 2167 in
735 2103 797 2166 dies
818 2103 933 2166 evadat.

493 2249 648 2260 ιιι-*-

140 2329 265 2420 Populis
289 2331 436 2417 nondumx
456 2351 517 2418 pax
539 2338 569 2392 ot
595 2327 681 2417 quies
705 2328 773 2391 dato
798 2337 856 2405 est,
879 2324 953 2414 quia
968 2323 1086 2412 impe·

40 2480 46 2485 -
70 2435 159 2500 riom
178 2432 350 2498 latronibus
370 2432 516 2497 infestum
539 2442 592 2497 est.
638 2432 720 2498 Cum
737 2453 767 2494 se
788 2430 885 2493 bonos
906 2427 1061 2513 simulent,

72 2550 105 2604 ot
118 2561 196 2629 quse
217 2535 298 2601 mela
317 2542 473 2628 geruntur
496 2558 615 2601 senon
641 2535 774 2627 probare
799 2533 917 2612 dicent,
946 2532 1063 2595 versuti

72 2654 178 2708 tamen
191 2651 221 2706 et
236 2639 415 2730 versipelles
435 2638 483 2704 illi
500 2639 628 2716 (bonos)
644 2639 769 2730 probris
785 2649 816 2702 et
834 2635 1026 2701 maledictis
1018 2659 1062 2698 ιιι-

73 2756 206 2811 cessunt
250 2745 305 2811 Tu
328 2742 404 2808 haec
418 2768 488 2809 mea
506 2766 571 2807 non
592 2743 704 2833 probus
724 2741 867 2836 quidem,
890 2750 920 2804 et
937 2736 1017 2801 male
1035 2749 1064 2800 te

72 2849 156 2929 urit,
185 2849 275 2968 quod·
295 2847 371 2912 haec
400 2847 576 2938 scripserim
604 2846 757 2928 carmina,
791 2845 842 2910 sed
867 2855 895 2909 to
918 2854 1062 2931 tuamque

73 2950 244 3042 nequitiam
264 2952 327 3040 jam
348 2951 486 3016 cecinere
509 2948 571 3016 alii.
648 3028 653 3037 ,

475 3071 658 3153 Οάο4

140 3196 243 3267 Quem
269 3193 329 3287 late
356 3193 529 3259 extenditur
551 3192 602 3258 via
621 3190 732 3274 lactea,
762 3202 827 3257 toto
851 3189 938 3254 coelo
960 3187 1060 3251 micat.
1080 3118 1159 3230 ll(

74 3296 158 3363 Proh
178 3296 287 3362 dolor!
310 3297 481 3387 Imperator¹
492 3296 534 3360 ait
549 3293 717 3387 suspirans,
736 3294 813 3385 quid
832 3294 953 3358 tandem
968 3289 1062 3375 hujus

72 3399 179 3465 aetatis
198 3400 340 3466 homines
362 3401 395 3465 in
421 3424 452 3465 se
473 3400 663 3466 admiserunt
688 3393 820 3488 flagitii?
870 3393 1003 3461 Coelum
1027 3391 1060 3456 ἰιι

73 3526 137 3570 nos
151 3503 215 3570 dire
230 3505 339 3586 suevit,
363 3517 474 3584 statum
493 3502 619 3596 imperii
637 3504 808 3594 perturbat,
831 3496 1060 3595 farne'etinedis

65 3627 173 3698 usque
195 3608 384 3698 premimur,
414 3620 445 3674 et
463 3607 538 3683 alias
561 3632 599 3673 ex
626 3605 693 3672 aliis
714 3602 897 3668 calmnitates
915 3601 1059 3693 patimur.
1096 3685 1099 3689 .

74 3711 189 3799 Nullus
209 3722 269 3795 est,
292 3713 346 3807 qui
362 3714 484 3805 spiritui
501 3736 566 3780 ιιοιι
583 3708 748 3788 sacrificet,
772 3705 826 3796 qui
846 3705 975 3787 victimis
991 3729 1060 3796 par·

119 3834 262 3891 Cessouno.
351 3882 365 3893 .
816 3831 852 3874 ¹2
946 3844 948 3848 ⁴
