2370 4334
379 343 381 351 Ι
459 208 597 316 ¹l’snsll.
632 248 752 320 Cano.
1035 256 1126 337 125.

102 441 159 494 tur
179 416 265 494 venit
284 437 314 492 ot
332 425 481 512 laetatum
512 427 550 491 ad
573 428 712 490 dextram
732 434 764 490 et
784 423 940 491 sinistram
958 425 1044 495 varia
1060 449 1100 492 ex

83 531 234 623 ralspibus
254 531 372 622 paratis
392 533 557 622 degustant
576 529 771 618 explorantes
791 528 936 595 ciborum
955 552 1100 620 saporem

102 623 224 703 tonum
245 661 286 703 an
302 636 428 703 malum
465 635 658 725 Camporum
678 644 741 699 sata
758 633 878 724 ubique
893 633 1013 725 optimo
1027 646 1098 701 'osas

101 752 191 807 statur
218 742 377 832 gaudent,
414 738 473 805 sub
499 762 586 830 spem
617 736 737 828 amplae
770 739 886 804 messis.
939 737 1099 805 masteces

39 855 44 858 ’
101 846 251 937 Tseng-
256 869 324 911 sun
341 834 449 911 nullus
467 842 618 909 irascendi
638 841 830 932 relinquitur
844 842 946 928 luctu,
968 854 1001 910 et
1013 842 1098 936 agri-

99 949 188 1017 eolsa
208 973 246 1014 eo
266 948 448 1039 diligentius
468 948 558 1039 operi
578 946 773 1012 incumbunt
872 1002 878 1013 ,
1132 997 1137 1005 .

165 1052 316 1119 Praefecti
335 1054 481 1143 Tseng-
488 1075 560 1118 sun
577 1063 695 1142 segetes
710 1062 783 1116 sunt
797 1050 912 1116 similes
924 1049 1097 1171 palearum3

101 1169 282 1248 quaesunt
308 1181 368 1247 pro
398 1158 560 1223 domorum
586 1155 695 1238 tectis,
728 1153 843 1219 similes
867 1154 981 1245 ligni
972 1155 1098 1223 mcurri

29 1276 32 1285 ’
100 1262 237 1353 Leang
252 1261 327 1326 dicti
342 1272 412 1352 post
428 1284 559 1328 currum
572 1258 684 1350 positi5
705 1258 856 1351 praefecti
872 1260 1096 1350 Taeng-sun

99 1365 215 1431 horrea
241 1364 355 1439 similia
380 1365 501 1431 insulae
528 1376 583 1430 aut
608 1363 713 1450 collis3
746 1362 791 1428 sic
815 1362 876 1427 alia
901 1374 1097 1454 quaeruntur

99 1469 214 1536 horrea
232 1493 364 1544 numero
384 1468 490 1551 millo,
511 1492 634 1534 necnon
649 1468 788 1558 plaustra
802 1466 900 1533 decies
918 1466 1015 1531 mille.
1038 1465 1096 1533 via

99 1573 333 1664 tantot'rugnim
355 1573 479 1654 Chou,
501 1572 587 1652 Tsi,
609 1573 702 1652 Teo,
725 1571 858 1663 Leang
880 1571 963 1636 milii
977 1569 1097 1637 scilicet

98 1689 132 1744 at
148 1677 250 1743 orizae
272 1676 486 1768 agricolarum
503 1670 654 1741 beneficio
679 1687 709 1740 et
732 1674 837 1741 labore
857 1687 946 1766 parta
969 1687 1034 1762 est3
1062 1685 1096 1742 et

97 1783 241 1872 ipsorum
258 1806 375 1848 merces
393 1781 456 1849 orit
474 1781 562 1847 beate
583 1778 805 1846 immortalitas.

494 1902 601 1969 Ode
644 1904 676 1967 8.

162 2026 301 2116 Magnus
318 2049 395 2116 ager
409 2023 541 2089 multum
559 2021 713 2088 culturam
725 2023 873 2112 requirit,
896 2023 940 2088 sio
954 2047 1030 2112 paro
1048 2015 1092 2088 se·
1103 2037 1177 2092 242-

96 2141 252 2212 mentem,
274 2130 440 2195 aicadrus
459 2127 623 2192 colendum
643 2126 849 2192 instrumenta
865 2128 1000 2212 adorn03
1024 2127 1092 2216 qui-

96 2232 156 2299 bus
166 2233 281 2324 puratis
300 2257 378 2325 opus
396 2232 564 2324 aggredior
582 2243 613 2295 et
630 2231 746 2296 semine
763 2231 797 2295 in
816 2243 932 2297 terram
949 2230 1093 2296 mittendi

82 2350 190 2402 'causa
209 2349 324 2402 terram
342 2360 397 2401 aro
418 2337 452 2401 in
477 2335 663 2400 australibus
686 2335 789 2424 agris,
822 2357 1042 2424 vomeremque
1061 2347 1093 2400 et

97 2464 204 2506 occam
220 2453 342 2505 acutam
361 2423 508 2526 adhibe03
537 2438 748 2529 quarumlibet
772 2437 905 2529 frugum
923 2450 1092 2505 sementem

95 2520 194 2608 facile·
184 2569 356 2635 ,cumque
385 2544 528 2635 germina
555 2556 640 2609 recta
663 2543 837 2635 propagine
858 2555 1005 2634 surgant,
1034 2568 1093 2609 neo

97 2592 255 2737 gracilia
245 2673 310 2713 rmo
330 2649 422 2713 firma
440 2661 593 2731 crescant,
616 2649 748 2714 laetatur
759 2646 933 2752 praefectus
947 2648 1092 2738 Tseng·
1094 2688 1099 2706 ι
1169 2640 1172 2646 ’

54 2770 61 2793 ·
95 2775 175 2817 sun.

106 2955 111 3021 ζ
145 2924 227 3010 ¹Jam
244 2923 401 2989 frumenta
422 2923 536 3015 spicari
552 2922 724 3016 incipiunt,
746 2925 810 3011 jem
829 2925 864 2988 in
878 2949 976 3015 grana
998 2947 1028 2989 so
1044 2924 1090 2992 in.

33 3077 36 3081 .
94 3028 213 3111 (luunt,
236 3029 299 3115 jam
319 3053 463 3112 crevere,
486 3029 550 3116 jam
570 3041 758 3094 maturuere.
803 3028 930 3118 Segetae
951 3052 1016 3092 non
1035 3027 1090 3093 ha·
1131 3082 1135 3098 .

91 3130 169 3196 bont
188 3130 297 3196 herbas
314 3131 374 3196 sibi
393 3133 515 3215 noxias,
538 3157 638 3224 nequa
655 3158 741 3198 aram
755 3132 814 3198 sibi
830 3134 998 3198 admistam.
1041 3132 1092 3196 Εἰ
1155 3174 1156 3179 κ

92 3229 180 3324 agris
197 3235 398 3300 exterminate
415 3234 567 3301 insertum
577 3238 634 3301 Mi
644 3262 694 3328 ng
710 3237 829 3302 dictum
843 3239 945 3326 (quorl
957 3260 1088 3326 germen

91 3336 225 3403 interius
242 3339 407 3423 corrodit),
427 3339 508 3404 Te
497 3351 683 3414 rnsectum(
668 3342 788 3430 (quod
785 3352 890 3405 tenena
906 3337 981 3402 solia
1000 3337 1087 3404 obsu-

91 3439 179 3523 mit),
209 3442 327 3506 Mao
317 3455 487 3562 mssctum3
510 3446 592 3533 quod
610 3444 725 3508 radices
746 3443 843 3524 rodit,
870 3466 992 3506 necnon
1012 3442 1087 3508 Tse

89 3536 244 3609 insectum
264 3526 363 3637 (quod
379 3540 561 3638 germinum
574 3547 764 3638 propagines
784 3545 914 3630 exeditJ3
904 3528 1018 3610 ·nihil
1036 3546 1086 3629 sit,
1111 3536 1117 3543 ’

90 3651 174 3739 quod
192 3663 300 3716 noceat
319 3652 390 3716 satis
410 3651 649 3741 pullulantibus.
694 3650 830 3740 Spiritus
850 3648 905 3738 qui
927 3649 1011 3740 agris
1038 3674 1086 3714 co·

89 3752 190 3818 lendis
206 3754 394 3843 praeest,'si
411 3754 481 3843 quis
499 3755 553 3838 sit,
575 3779 726 3846 agrorum
749 3753 859 3820 nociva
883 3753 1085 3842 omniaigno

90 3856 240 3922 absumat.
