2370 4334
99 248 140 309 46
298 262 308 273 “·
448 238 561 302 Psast.
601 238 671 304 Car
690 251 719 309 9

96 438 165 479 rani
186 434 291 476 moiun
312 410 381 500 quis
406 406 519 475 norit?
552 413 620 500 qnis
647 409 762 478 novit?
795 423 840 477 ost
864 412 1015 496 tortasse,
1045 425 1088 479 ut

96 542 160 585 non
182 516 251 582 satis
272 515 474 605 perpendant

490 600 601 666 Ode
645 612 674 678 4.
695 578 757 665 iii

158 720 337 790 brison·
313 743 378 785 sino
400 720 504 785 herbis
525 732 557 786 ot
569 721 732 786 arboribus
748 734 887 789 montom
897 724 1088 807 conscendo,

94 827 176 892 undo
199 826 232 890 in
253 825 389 916 parentis
410 825 473 888 mei
495 828 581 908 'aedos
595 827 760 915 conjiciam
772 827 892 910 oculos,
914 838 946 892 et
960 838 1089 916 patrum

92 928 200 996 insum
222 930 336 996 induco
358 929 546 1018 loquentem,
568 929 617 994 bis
638 931 762 998 verbis:
785 930 865 995 hou!
887 914 976 996 filiiis
994 954 1089 997 mous

94 1060 180 1101 nuno
195 1059 266 1125 rogi
255 1033 338 1098 dat
360 1057 485 1123 operam
507 1058 594 1098 suam
600 1081 610 1115 ‚
643 1058 744 1124 nequo
767 1034 828 1124 ipsi
849 1034 902 1099 diu
923 1046 1090 1125 noctuquo

95 1139 253 1230 quiescere
275 1139 373 1203 datur
407 1138 456 1203 Si
463 1138 559 1227 sapiat
580 1137 642 1204 id
633 1162 667 1202 ιιι
689 1138 800 1231 prinus
822 1150 961 1229 satagere
981 1138 1088 1221 dcbot,

95 1254 132 1309 ut
151 1242 255 1309 veniat
277 1241 395 1307 nihilve
418 1244 525 1306 tardot.

158 1345 332 1411 Arboribus
354 1345 508 1410 consitum
523 1356 555 1409 ot
567 1344 733 1411 herbidum
749 1358 887 1411 montem
901 1347 1088 1430 conscendo,

93 1451 177 1516 undo
198 1450 232 1514 in
254 1449 360 1514 matris
382 1473 468 1513 rnoao
490 1450 617 1514 domum
638 1449 744 1516 oculos
766 1451 944 1539 conjiciam,
967 1461 999 1514 ot
1020 1474 1089 1514 ma·

94 1552 176 1620 trem
197 1578 297 1618 meam
316 1553 438 1617 induco
460 1552 638 1642 loquentem
649 1601 660 1636 ,
690 1553 739 1619 his
759 1555 879 1619 vorbis:
912 1552 990 1618 hou!
1021 1552 1088 1618 sor·

94 1671 171 1724 tasso
192 1657 295 1749 inquit
316 1656 389 1738 illa,
418 1655 534 1720 filiolus
556 1680 642 1722 mous
664 1659 726 1744 jarn
747 1658 818 1748 rogi
838 1657 1030 1740 famulatur,
1053 1670 1089 1724 ot

10 1822 14 1832 ,
93 1762 148 1826 diu
169 1772 327 1850 noctuque
349 1758 568 1849 ipsi-dormire
592 1759 761 1824 nonlicet.
806 1761 840 1825 si
861 1763 901 1825 sit
922 1773 1031 1826 cautus
1053 1773 1088 1827 ot

93 1865 246 1956 diligens,
266 1863 366 1929 adhuc
386 1862 493 1929 voniro
514 1863 650 1952 poterit3
672 1887 736 1928 non
758 1864 847 1930 debas
868 1865 912 1929 ibi
933 1864 1097 1956 relinqui.'

67 2004 80 2024 .·
157 1969 277 2033 Montis
306 1963 455 2033 vorticoin
484 1979 689 2056 praeruptum
717 1969 901 2050 conscendo,
932 1970 1016 2034 undo
1049 1970 1086 2033 in

92 2071 344 2160 fratris'majoiis
366 2072 491 2136 domurn
513 2069 619 2134 oculos
641 2071 823 2159 conjiciunt
846 2071 927 2136 beu!
954 2072 1087 2138 fortasse

94 2175 281 2268 inquit'illo,
309 2198 394 2249 mous
417 2174 512 2241 frater
527 2173 631 2238 minor
653 2175 717 2262 jam
737 2175 808 2267 regi
830 2199 916 2240 suam
938 2175 989 2243 dat
1010 2200 1086 2266 opo-

92 2307 178 2365 ram,
207 2292 241 2345 ot
266 2279 321 2346 diu
342 2289 499 2370 noctuque
519 2278 600 2343 viros
622 2279 736 2344 exserit
763 2302 850 2366 suas3
883 2280 924 2355 id,
935 2279 1085 2369 inprimis

94 2384 226 2452 sedulus
240 2407 334 2476 agore
355 2384 462 2465 debet,
484 2393 522 2447 ut
541 2382 664 2463 veniat,
686 2406 788 2475 noque
809 2383 854 2449 ibi
874 2383 1043 2455 moriatur,

487 2486 518 2550 Ο
540 2487 598 2552 dc
641 2487 670 2551 5.

157 2591 193 2655 ln
213 2613 293 2681 agro
312 2591 417 2671 decom
438 2588 587 2679 jugerum
600 2590 691 2655 Mou
711 2588 866 2682 dictorum
888 2601 960 2655 sunt
980 2589 1084 2687 borni-

93 2718 147 2761 nss
175 2695 230 2785 qui
257 2694 353 2758 moris
381 2692 542 2758 arboribus
568 2694 641 2758 dant
669 2715 817 2782 oporam3
850 2705 882 2758 ct
910 2693 959 2758 illi
985 2693 1084 2763 alacri

93 2800 197 2865 animo
228 2810 260 2863 ot
288 2797 353 2864 voti
382 2809 547 2887 compotes.
590 2798 648 2863 Mo
673 2796 749 2863 buio
768 2795 838 2864 viro
859 2798 966 2864 addam
986 2800 1083 2866 comi·

94 2915 157 2968 tom
179 2912 211 2966 ot
231 2900 347 2966 revorti
367 2899 450 2966 volo.

157 3006 249 3072 Ultra
270 3030 384 3096 agrion
405 3007 510 3072 docem
530 3006 680 3096 jugorum
701 3005 791 3069 Mou
811 3005 966 3070 dictorum
973 3051 985 3088 ‚
1006 3018 1084 3073 sunt

94 3113 150 3204 qui
179 3110 274 3176 moris
303 3109 464 3175 arboribus
493 3111 566 3174 dant
593 3114 720 3201 oporam
727 3155 738 3192 ,
770 3120 802 3174 ot
828 3109 877 3174 illi
910 3110 1083 3200 tranquillo
1133 3096 1136 3106 ¹

93 3217 196 3305 Ιιιιιὶιιιο
217 3215 280 3281 otia
297 3225 437 3304 carpunt.
460 3213 541 3278 Volo
562 3237 634 3279 osam
655 3212 716 3279 hoc
736 3212 805 3289 vito
826 3213 920 3279 simul
941 3214 1037 3293 abiro.

100 3302 104 3309 ¹
490 3317 601 3383 Orio
642 3318 672 3382 6.
698 3319 785 3399 120,
961 3342 968 3380 ι

158 3425 236 3509 (λιιι.-
250 3423 337 3513 ligna
365 3421 484 3487 viribus
515 3419 659 3487 adhibitis
691 3421 821 3488 caodunt
854 3443 946 3488 suurn
977 3396 1098 3488 itan-,¹

95 3529 166 3616 ban
187 3527 399 3618 indominant3
422 3537 519 3592 soctao
534 3525 658 3590 arbores
668 3526 748 3591 Tan
765 3527 863 3593 dictas
883 3528 969 3613 juxta
990 3528 1084 3593 fluvii

94 3632 196 3721 ripam
217 3632 424 3696 collocantur:
446 3629 533 3696 fluvii
555 3641 659 3695 autem
680 3655 759 3718 aqua
778 3643 871 3696 vento
892 3632 984 3695 flante
1006 3631 1084 3697 cris·

94 3747 188 3828 patur
214 3747 245 3800 ot
271 3735 416 3801 sulcatbr.
472 3734 535 3807 Qui
563 3757 628 3798 non
653 3734 742 3816 sarit,
773 3734 827 3824 qui
855 3758 920 3800 ιιοιι
944 3733 1090 3824 colligit
1132 3790 1136 3797 .

61 3826 65 3833 ’
95 3841 248 3932 quomodo
276 3850 449 3909 torcontum
474 3837 637 3906 hominum
658 3837 813 3905 irmnonta
840 3838 898 3905 sibi
926 3836 1081 3907 habebit?
