2370 4334
153 234 216 295 ιιι
415 168 535 291 'Noun
558 246 589 288 ιι
610 223 686 291 rm
704 224 725 289 ι
748 214 863 295 cue

407 452 410 457 -
489 398 615 479 ὀιι
649 417 724 481 so
744 425 774 490 t·

367 554 412 605 m·
428 553 521 606 ausu·
538 572 607 607 mo
623 536 758 625 ιιιιιμιιι
775 553 922 606 mesmes.

217 674 356 741 Plauto
377 675 463 763 ¹Rue
484 686 529 741 eet
549 685 714 758 montane,
737 698 814 766 quae
831 675 920 766 prius
935 674 1083 765 producit
1104 676 1145 747 at·
1175 759 1176 762 Ἴ

152 802 223 856 tum
248 780 384 870 stipitem
408 780 474 847 sine
499 780 582 846 soliis
608 791 638 845 et
661 780 694 845 in
720 781 787 868 ejus
811 778 926 844 vertice
946 778 1146 846 suberectum

151 883 364 974 magnitudine
378 883 528 950 infantilis
540 884 662 974 pugni3
684 895 755 949 ante
769 907 862 974 quam
877 882 1047 975 protulerit
1060 884 1144 967 solia,

151 985 246 1074 hujus
264 988 349 1052 radix
365 986 509 1053 evellitur
530 1000 561 1053 et
574 987 760 1070 comeditur,
783 999 836 1053 sut
853 1009 944 1054 succo
957 1000 1096 1055 extructo
1110 989 1142 1055 iu

152 1090 284 1156 ferinam
310 1092 482 1157 conteritur
507 1104 538 1169 et
565 1092 728 1158 adhibetur
758 1103 899 1182 tempore
923 1091 1061 1159 caritatis
1092 1118 1141 1158 ιιι-

151 1208 262 1261 uenae.
301 1197 362 1261 Pro
376 1196 471 1262 variis
485 1195 715 1287 tempestatibus
730 1196 805 1261 enni
819 1195 919 1262 varies
937 1195 1059 1286 patitur
1078 1214 1143 1263 mu·

149 1299 300 1385 tationee3
317 1299 430 1364 dicitur
444 1298 535 1365 etiam
550 1299 662 1366 Ouei.

102 1448 105 1455 ·
217 1404 350 1468 Herba
370 1402 488 1494 Ping
507 1402 605 1496 vulgo
626 1404 748 1469 Fou·
737 1403 888 1494 ·piug
913 1415 959 1469 est
983 1404 1138 1495 aquatilis,

151 1507 410 1598 quemadmodum
424 1505 521 1573 herba
535 1508 641 1574 Tsso
656 1507 755 1596 reaigo
776 1507 875 1575 Teu·
881 1517 984 1573 tsaoz
1007 1532 1141 1611 quinum

153 1634 232 1700 quae
250 1611 289 1675 sit
308 1610 407 1676 virtue
424 1634 490 1676 non
507 1613 628 1679 dicitur.

217 1713 337 1777 Domus
354 1713 497 1780 Sinensee
522 1717 562 1779 ab
589 1717 675 1780 omni
697 1739 772 1781 aevo
800 1715 843 1780 ite
868 1713 986 1804 positae
1015 1728 1088 1781 ιιιιιι
1104 1728 1141 1781 ut

153 1815 318 1906 respiciant
338 1826 515 1882 austrum
524 1843 534 1904 3
564 1819 603 1883 ub
618 1819 705 1884 omni
721 1819 815 1883 etium
827 1817 1022 1908 ¹untiquiteto
1033 1817 1139 1883 Sinon·

74 1918 78 1929 “
153 1942 200 1984 see
221 1921 258 1985 ad
277 1919 429 2010 ungulum
442 1919 526 1986 domi
549 1921 604 2012 qui
616 1944 723 1988 vernus
745 1922 883 1988 austrum
898 1933 928 1987 et
950 1922 1138 1987 occidentem

152 2023 272 2114 positus
294 2035 340 2091 est
359 2025 525 2116 praecipue
546 2028 757 2117 attenderunt,
779 2024 873 2113 bujue
891 2048 1017 2091 caueam
1036 2025 1137 2093 retici

152 2138 246 2193 uetur
267 2128 322 2218 qui
340 2129 424 2194 velit.

513 2278 523 2301 ν
606 2251 692 2316 Ιιι5.

223 2372 290 2438 Hac
310 2374 368 2438 ode
384 2372 558 2437 celebratur
578 2371 723 2462 princeps
745 2370 867 2435 Chao·
857 2370 982 2481 -bong
1000 2370 1058 2463 qui
1074 2391 1141 2435 suo-

154 2501 227 2542 rum
250 2476 310 2542 sibi
336 2476 454 2540 animos
472 2475 657 2540 devinxerat.
688 2474 814 2539 Dicitur
835 2454 982 2565 priricops
1005 2474 1060 2540 ille
1082 2472 1138 2539 sub

154 2579 266 2644 arbore
288 2580 392 2644 sedere
414 2577 521 2643 solitus
539 2576 649 2657 fuisse,
678 2589 708 2642 ct
728 2576 772 2640 ibi
791 2602 919 2644 suorum
943 2576 1013 2644 lites
1033 2574 1138 2665 dijudi-

38 2759 41 2765 ,
155 2706 247 2769 cere3
269 2683 312 2749 sie
330 2680 481 2772 principis
499 2680 548 2746 sui
565 2680 763 2747 amantissimi
781 2681 991 2747 meminerunt
1012 2680 1044 2747 e't
1061 2680 1139 2747 hane

155 2787 298 2851 arborem
315 2785 435 2850 laedere
454 2785 610 2850 timebant.

219 2890 347 2978 Tang·
337 2888 387 2951 -li
413 2889 529 2978 species
546 2889 621 2978 pyri
641 2890 729 2976 cujus
750 2888 870 2955 fructus
887 2876 994 2979 parvi,
1018 2826 1137 2979 quaudo

153 2994 313 3059 albeectmt
331 2990 415 3059 dulci
435 3003 507 3057 sunt
527 3014 635 3082 sapore
641 3039 653 3075 ,
675 3016 747 3058 cum
769 2993 940 3121 nrbescunt
959 2991 1050 3057 acido
1069 2999 1139 3056 sunt

214 3109 258 3164 tu.

151 3121 349 3271 gwsshao-
338 3225 406 3292 -pe
428 3212 473 3265 est
490 3224 636 3292 princeps
657 3200 779 3266 Chao·
787 3200 894 3290 kong
914 3197 1076 3289 quantulo
1093 3197 1137 3263 Pe
1178 3280 1181 3285 ,

152 3309 368 3389 cohonestetur
382 3302 492 3368 fueret.
515 3304 606 3369 Ultra
624 3304 738 3369 sulae
729 3302 923 3423 imperatoris
936 3301 1137 3383 territorium,

153 3414 238 3502 quod
254 3435 354 3476 unum
370 3419 435 3473 erut
451 3431 489 3472 ex
503 3431 615 3474 novem
628 3407 828 3474 Teheou
804 3431 867 3473 sive
887 3431 952 3473 una
972 3429 1012 3471 ex
1027 3406 1137 3470 novem

152 3514 324 3603 provinciis
348 3508 492 3603 imperii,
524 3524 612 3577 crant
636 3524 706 3577 octo
730 3511 790 3576 alia
817 3510 979 3579 Tcheou
999 3508 1138 3576 etruria
1165 3590 1173 3599 ·

151 3641 247 3706 parvo
259 3624 395 3707 regne
376 3640 431 3681 suo
450 3638 589 3707 quseque
600 3614 724 3705 Regulo
741 3615 937 3704 subjacentia.
958 3610 1076 3704 Reguli
1092 3609 1138 3676 itti

152 3718 214 3784 alio
230 3720 340 3784 titulo
331 3719 482 3808 insigniti3
498 3719 635 3809 quinque
649 3742 748 3809 regne
760 3726 902 3807 praeter
898 3716 1035 3806 cujusvis
1047 3712 1138 3807 regul

151 3821 281 3913 regulos
302 3818 471 3909 peculiares
499 3821 647 3911 regulum
674 3821 770 3886 alium
796 3820 949 3887 babebuat
974 3830 1006 3887 et
1030 3812 1139 3886 ductu
