2370 4334
149 248 211 307 178
252 313 255 316 .
423 332 425 337 ⁴
492 235 567 299 Pers
584 234 629 298 111.
661 233 775 302 ems.

148 419 204 474 eet.
249 406 398 476 Sacrificii
428 428 500 472 rese
526 406 670 471 itouoi
697 416 727 473 et
752 406 795 471 Pi
817 400 973 495 irenreuti
1000 429 1064 471 usu
1091 406 1138 471 sb

149 524 271 604 sumpte
290 522 369 578 sunt
404 509 468 584 Qui
487 508 524 575 fit
543 520 645 574 eutem
666 520 702 574 ut
719 520 790 575 roto
809 521 916 574 nostre
930 503 1141 599 respuuz'tiu?

79 642 82 649 ·
166 651 168 657 ·
213 619 313 683 Arent
337 614 408 706 egri
430 626 467 680 ut
485 634 647 704 umquem
672 612 788 704 magis:
826 613 933 678 Siccus
957 612 1045 678 color
1062 615 1143 679 inest

74 744 79 767 ‚
131 720 213 785 ‘etri
230 731 261 784 ot
278 728 331 795 etr
345 729 427 784 totus
445 717 529 809 ignis
547 728 601 782 ost
634 715 790 782 Sacrificio
807 728 838 781 ot
852 715 1023 782 oblationes
1040 717 1145 784 fecere

149 835 214 889 non
231 847 391 888 cessurus.
421 821 472 887 Ab
488 818 575 887 urbis
594 816 750 886 suburbiis
764 822 801 886 ed
818 821 921 912 regies
941 823 1030 887 sedes
1043 845 1145 914 usque

149 951 244 1020 supro
268 939 299 993 ot
328 926 410 992 infre
438 921 541 991 oblate
566 927 752 1016 apponimus
759 971 785 1008 „
808 924 876 990 loce
902 925 1008 1009 omnis
1033 926 1142 992 oblatis

147 1031 237 1098 humi
264 1026 371 1122 positis
398 1030 537 1096 contero
558 1035 649 1111 sunt,
682 1023 850 1119 nullusque
878 1028 998 1121 estqui
1019 1030 1143 1120 spiritui

147 1130 300 1223 bonorem
320 1141 384 1199 'non
401 1133 554 1198 exhibeat:
584 1128 672 1199 Nihil
689 1138 790 1223 potest
807 1128 956 1207 (funilieo
975 1133 1140 1200 Toheou

148 1249 271 1316 auctor)
292 1236 497 1303 ¹Hecu-tsi
526 1244 641 1302 nostor.
695 1238 767 1304 Non
787 1239 870 1303 adest
891 1236 979 1302 nobis
1002 1259 1141 1304 summus

27 1362 41 1372 ”
148 1366 256 1420 rerum
282 1341 425 1407 dominus
451 1352 482 1406 ot
512 1340 705 1420 dominator,
745 1340 801 1430 qui
826 1340 881 1405 hes
901 1352 999 1406 terres
1018 1339 1141 1407 infimos

149 1446 230 1513 delet
246 1445 461 1536 proteritque3
490 1454 520 1509 et
540 1444 623 1508 enim
648 1443 703 1535 qui
722 1441 777 1525 fit,
806 1452 849 1509 ut'
865 1468 915 1508 mo
939 1444 973 1508 in
993 1455 1079 1510 tonte
1095 1445 1138 1511 in·

147 1549 286 1618 fortunio
305 1543 468 1613 detrudet?
1118 1560 1119 1565 ’

105 1653 108 1658 ’
205 1655 312 1727 Arent
331 1653 400 1740 egri
410 1698 421 1733 ,
444 1640 479 1716 ut
499 1675 659 1742 nunquam
678 1649 795 1742 magist
824 1661 854 1716 et
872 1651 1000 1717 siccitati
1019 1654 1139 1719 medere

148 1779 214 1821 non
234 1753 380 1820 velemus.
418 1751 454 1817 ln
473 1765 558 1824 tento
576 1755 752 1823 discrimine
772 1767 905 1846 quantus
919 1756 1025 1839 timor,
1046 1780 1138 1847 qusu-

149 1872 198 1926 tus
217 1870 262 1925 est
276 1870 393 1923 tremor
413 1861 535 1925 noster!
558 1856 703 1923 Fulmina
720 1858 801 1923 inter
817 1856 848 1923 et
867 1859 1010 1925 tonitrus
1024 1860 1140 1925 versari

47 1965 51 1984 ¹
149 1964 299 2029 ridemur.
355 1961 418 2033 Qui
439 1985 478 2025 ex
497 1961 630 2051 imperio
651 1961 816 2026 Tchoou
840 1973 947 2027 nostro
973 1973 1137 2052 supersunt

148 2066 250 2158 nigris
268 2063 387 2156 capillis
415 2064 556 2130 homines
586 2064 626 2139 (i.
639 2089 665 2130 o.
688 2065 801 2141 Since)
816 2057 852 2129 'ii
877 2067 984 2131 dextro
1014 2064 1138 2131 brechio

149 2171 231 2261 cepti
248 2155 334 2252 sunt,
363 2181 395 2235 et
418 2168 453 2233 in
480 2167 585 2260 figure
606 2168 742 2233 hominis
763 2167 811 2232 illi
827 2170 890 2257 jem
913 2168 1055 2236 homines
1075 2193 1136 2235 non

149 2274 332 2365 reputandis
375 2273 555 2364 Augustum
575 2272 699 2338 coelum
720 2273 775 2362 qui
799 2284 844 2337 est
870 2296 1010 2337 summus
1035 2296 1137 2367 rerum

101 2394 106 2403 ‘
149 2378 292 2444 dominus
313 2390 343 2442 et
360 2378 535 2443 dominator
555 2378 619 2464 jem
635 2375 724 2441 nobis
744 2376 916 2466 perniciem
931 2390 1021 2468 peret
1039 2388 1069 2442 st
1085 2379 1136 2441 no*

149 2481 196 2546 bis
219 2481 379 2546 interitum
404 2483 502 2545 effert.
547 2480 711 2551 Quomodo
730 2491 833 2544 terror
853 2505 917 2544 non
939 2504 997 2546 nos
1019 2479 1135 2561 invade
1167 2503 1170 2508 ’

150 2579 221 2649 ret?
239 2582 313 2650 ,Avi
332 2583 431 2647 nostri
449 2583 513 2670 jem
531 2607 596 2647 non
615 2594 703 2665 sunt,
726 2582 853 2648 extincti
872 2594 952 2648 sunt.
1053 2626 1059 2639 ι

214 2687 313 2752 Arent
333 2682 403 2777 egri
422 2698 459 2753 ut
477 2710 639 2779 nuntprsm
661 2687 779 2777 magis,
812 2710 869 2751 nec
890 2671 1052 2756 leteminis
1073 2708 1136 2776 spot

150 2791 222 2874 ullo
235 2790 432 2880 relinquitur.
477 2790 574 2855 Arido
594 2789 696 2855 colore
717 2790 876 2856 tabescunt
897 2782 1013 2860 omniu.¹
1055 2790 1144 2881 Hsool

31 2886 34 2898 ’
144 2917 214 2959 une
236 2906 280 2979 est
305 2893 446 2958 omnium
466 2916 545 2960 vox:
577 2918 639 2984 quo
656 2896 778 2958 tandem
797 2893 1035 2986 confugiemus,
1056 2915 1138 2972 mors

150 2992 246 3063 instet
260 3008 290 3062 et
306 3020 363 3061 nos
381 2993 469 3062 brevi
489 2997 658 3062 morituros
680 2996 742 3062 fert
758 3021 905 3087 supreme
920 2997 1081 3085 voluntes3
1103 2998 1138 3064 sd

151 3125 245 3194 quem
265 3098 478 3190 respiciemus,
507 3102 595 3188 eujus
617 3124 709 3191 opem
729 3100 932 3190 imploremus
959 3127 1025 3167 non
1050 3094 1157 3167 hobe-v

150 3228 230 3274 mus.
274 3205 308 3268 ln
328 3201 402 3268 viris
424 3203 543 3288 eximiis
561 3212 592 3270 et
614 3204 771 3294 primariis
790 3204 879 3270 nullo
899 3205 990 3271 nobis
1009 3229 1078 3297 spes
1097 3229 1140 3271 ss·

151 3309 233 3376 lutis.
278 3309 420 3382 Parentes
441 3307 557 3389 nostri,
579 3307 674 3398 primi
696 3309 745 3373 evi
764 3309 877 3391 nostri,
907 3310 1065 3399 quomodo
1084 3331 1141 3376 nos

151 3413 185 3476 in
201 3413 277 3479 hoec
295 3409 514 3478 melassdetrudi
534 3406 696 3476 tuisrunt?

146 3567 148 3574 Α
216 3518 315 3582 Arent
331 3515 401 3608 egri
420 3526 457 3580 ut
476 3540 646 3606 numquam
661 3516 780 3607 magis,
813 3540 870 3581 nec
888 3527 1028 3606 superest
1047 3517 1143 3583 erbo'r

152 3621 186 3688 in
207 3620 364 3714 montibus
383 3640 485 3711 neque
506 3642 586 3711 equs
605 3619 638 3684 in
658 3620 790 3721 ίίιινὶἰε.Ι
824 3621 946 3685 Acriter
965 3621 1064 3686 saevit
1084 3620 1142 3687 eri·

152 3722 252 3789 ditetis
272 3725 416 3803 doemon,
444 3724 531 3815 qussi
547 3723 669 3788 flemme
688 3721 752 3788 urit
772 3746 845 3805 nos,
868 3724 956 3814 qussi
975 3723 1059 3814 ignis
1081 3737 1142 3791 tor·

153 3839 201 3892 ret
218 3848 283 3891 nos.
329 3827 378 3890 Ab
393 3827 472 3892 stris
488 3839 572 3892 aestu
590 3850 676 3893 meus
698 3825 877 3891 reformidet
896 3827 1027 3892 minuc
1063 3829 1142 3895 cru-

922 3932 1020 3987 ,β

712 3997 776 4035 Ἰ
