<?xml version="1.0" encoding="UTF-8"?>
<!DOCTYPE html PUBLIC "-//W3C//DTD XHTML 1.0 Transitional//EN"
    "http://www.w3.org/TR/xhtml1/DTD/xhtml1-transitional.dtd">
<html xmlns="http://www.w3.org/1999/xhtml" xml:lang="en" lang="en">
 <head>
  <title>
</title>
<meta http-equiv="Content-Type" content="text/html;charset=utf-8" />
  <meta name='ocr-system' content='tesseract 3.04.00' />
  <meta name='ocr-capabilities' content='ocr_page ocr_carea ocr_par ocr_line ocrx_word'/>
</head>
<body>
  <div class='ocr_page' id='page_1' title='image "./confuciichiking00confgoog_0422.png"; bbox 0 0 2370 4334; ppageno 0'>
   <div class='ocr_carea' id='block_1_1' title="bbox 160 180 882 333">
    <p class='ocr_par' dir='ltr' id='par_1_1' title="bbox 160 180 882 333">
     <span class='ocr_line' id='line_1_1' title="bbox 160 180 882 333; baseline 0.004 -42"><span class='ocrx_word' id='word_1_1' title='bbox 160 237 223 297; x_wconf 71' lang='lat'><strong>306</strong></span> <span class='ocrx_word' id='word_1_2' title='bbox 453 229 572 294; x_wconf 74' lang='lat' dir='ltr'><strong>Nosse.</strong></span> <span class='ocrx_word' id='word_1_3' title='bbox 596 229 672 294; x_wconf 75' lang='lat' dir='ltr'><strong>Pers</strong></span> <span class='ocrx_word' id='word_1_4' title='bbox 687 180 736 292; x_wconf 83' lang='lat' dir='ltr'><strong>tlt.</strong></span> <span class='ocrx_word' id='word_1_5' title='bbox 760 229 833 333; x_wconf 60' lang='lat' dir='ltr'><strong>(Ire.</strong></span> <span class='ocrx_word' id='word_1_6' title='bbox 852 240 882 299; x_wconf 68' lang='grc' dir='ltr'><strong>ὅ.</strong></span> 
     </span>
    </p>
   </div>
   <div class='ocr_carea' id='block_1_2' title="bbox 157 399 1158 905">
    <p class='ocr_par' dir='ltr' id='par_1_2' title="bbox 157 399 1158 803">
     <span class='ocr_line' id='line_1_2' title="bbox 158 399 1158 497; baseline 0.002 -32"><span class='ocrx_word' id='word_1_7' title='bbox 158 401 198 465; x_wconf 79' lang='lat' dir='ltr'><strong>ed</strong></span> <span class='ocrx_word' id='word_1_8' title='bbox 218 411 352 467; x_wconf 75' lang='lat' dir='ltr'><strong>mrtem</strong></span> <span class='ocrx_word' id='word_1_9' title='bbox 373 422 461 465; x_wconf 80' lang='lat' dir='ltr'><strong>susm</strong></span> <span class='ocrx_word' id='word_1_10' title='bbox 476 423 575 489; x_wconf 83' lang='lat' dir='ltr'><strong>usque</strong></span> <span class='ocrx_word' id='word_1_11' title='bbox 593 401 701 487; x_wconf 77' lang='lat' dir='ltr'><strong>lstuit3</strong></span> <span class='ocrx_word' id='word_1_12' title='bbox 723 401 849 466; x_wconf 85' lang='lat' dir='ltr'><strong>interim</strong></span> <span class='ocrx_word' id='word_1_13' title='bbox 864 399 1158 497; x_wconf 57' lang='lat' dir='ltr'><strong>fisiQterreAEuffi</strong></span> 
     </span>
     <span class='ocr_line' id='line_1_3' title="bbox 158 503 1149 594; baseline 0.004 -27"><span class='ocrx_word' id='word_1_14' title='bbox 158 514 191 569; x_wconf 86' lang='lat' dir='ltr'><strong>et</strong></span> <span class='ocrx_word' id='word_1_15' title='bbox 208 503 453 593; x_wconf 73' lang='lat' dir='ltr'><strong>duozpuincipes</strong></span> <span class='ocrx_word' id='word_1_16' title='bbox 481 503 551 568; x_wconf 83' lang='lat' dir='ltr'><strong>loco</strong></span> <span class='ocrx_word' id='word_1_17' title='bbox 573 505 772 594; x_wconf 74' lang='lat' dir='ltr'><strong>imperatoris</strong></span> <span class='ocrx_word' id='word_1_18' title='bbox 798 505 970 594; x_wconf 87' lang='lat' dir='ltr'><strong>imperium</strong></span> <span class='ocrx_word' id='word_1_19' title='bbox 990 519 1149 589; x_wconf 86' lang='lat' dir='ltr'><strong>rexerunt,</strong></span> 
     </span>
     <span class='ocr_line' id='line_1_4' title="bbox 157 607 1148 699; baseline 0.006 -29"><span class='ocrx_word' id='word_1_20' title='bbox 157 608 254 671; x_wconf 91' lang='lat' dir='ltr'><strong>donec</strong></span> <span class='ocrx_word' id='word_1_21' title='bbox 276 619 401 672; x_wconf 88' lang='lat' dir='ltr'><strong>mortuo</strong></span> <span class='ocrx_word' id='word_1_22' title='bbox 420 607 599 696; x_wconf 75' lang='lat' dir='ltr'><strong>imperatori</strong></span> <span class='ocrx_word' id='word_1_23' title='bbox 613 609 793 673; x_wconf 80' lang='lat' dir='ltr'><strong>successerit</strong></span> <span class='ocrx_word' id='word_1_24' title='bbox 811 609 958 699; x_wconf 82' lang='lat' dir='ltr'><strong>princeps</strong></span> <span class='ocrx_word' id='word_1_25' title='bbox 975 608 1063 677; x_wconf 88' lang='lat' dir='ltr'><strong>filius</strong></span> <span class='ocrx_word' id='word_1_26' title='bbox 1084 610 1148 676; x_wconf 79' lang='lat' dir='ltr'><strong>het·</strong></span> 
     </span>
     <span class='ocr_line' id='line_1_5' title="bbox 158 710 907 803; baseline 0.003 -29"><span class='ocrx_word' id='word_1_27' title='bbox 158 733 208 776; x_wconf 88' lang='lat' dir='ltr'><strong>res</strong></span> <span class='ocrx_word' id='word_1_28' title='bbox 229 710 284 801; x_wconf 88' lang='lat' dir='ltr'><strong>qui</strong></span> <span class='ocrx_word' id='word_1_29' title='bbox 305 710 366 775; x_wconf 86' lang='lat' dir='ltr'><strong>fuit</strong></span> <span class='ocrx_word' id='word_1_30' title='bbox 387 710 556 800; x_wconf 71' lang='lat' dir='ltr'><strong>imperator</strong></span> <span class='ocrx_word' id='word_1_31' title='bbox 578 712 877 803; x_wconf 67' lang='lat' dir='ltr'><strong>Suen-ousug.*</strong></span> <span class='ocrx_word' id='word_1_32' title='bbox 902 747 907 759; x_wconf 94' lang='lat'><strong>·</strong></span> 
     </span>
    </p>

    <p class='ocr_par' dir='ltr' id='par_1_3' title="bbox 559 814 742 905">
     <span class='ocr_line' id='line_1_6' title="bbox 559 814 742 905; baseline 0 -25"><span class='ocrx_word' id='word_1_33' title='bbox 559 814 589 880; x_wconf 89' lang='grc' dir='ltr'>Ο</span> <span class='ocrx_word' id='word_1_34' title='bbox 610 817 629 905; x_wconf 81' lang='lat' dir='ltr'><strong>d</strong></span> <span class='ocrx_word' id='word_1_35' title='bbox 651 838 669 879; x_wconf 88' lang='lat' dir='ltr'><strong>e</strong></span> <span class='ocrx_word' id='word_1_36' title='bbox 712 833 742 898; x_wconf 73' lang='lat'><strong>4.</strong></span> 
     </span>
    </p>
   </div>
   <div class='ocr_carea' id='block_1_3' title="bbox 103 912 1146 1013">
    <p class='ocr_par' dir='ltr' id='par_1_4' title="bbox 103 912 1146 1013">
     <span class='ocr_line' id='line_1_7' title="bbox 103 912 1146 1013; baseline 0.003 -31"><span class='ocrx_word' id='word_1_37' title='bbox 103 912 108 919; x_wconf 64' lang='grc'>’</span> <span class='ocrx_word' id='word_1_38' title='bbox 203 916 480 1013; x_wconf 28' lang='grc' dir='ltr'>,διιοη-οῑιαης</span> <span class='ocrx_word' id='word_1_39' title='bbox 508 918 552 983; x_wconf 90' lang='lat' dir='ltr'><strong>sic</strong></span> <span class='ocrx_word' id='word_1_40' title='bbox 580 944 639 1008; x_wconf 86' lang='lat' dir='ltr'><strong>pro</strong></span> <span class='ocrx_word' id='word_1_41' title='bbox 665 919 786 1009; x_wconf 88' lang='lat' dir='ltr'><strong>populo</strong></span> <span class='ocrx_word' id='word_1_42' title='bbox 816 942 873 984; x_wconf 91' lang='lat' dir='ltr'><strong>suo</strong></span> <span class='ocrx_word' id='word_1_43' title='bbox 900 943 977 1008; x_wconf 79' lang='lat' dir='ltr'><strong>pree</strong></span> <span class='ocrx_word' id='word_1_44' title='bbox 1006 920 1146 986; x_wconf 72' lang='lat' dir='ltr'><strong>siccitatis</strong></span> 
     </span>
    </p>
   </div>
   <div class='ocr_carea' id='block_1_4' title="bbox 71 1124 1169 3903">
    <p class='ocr_par' dir='ltr' id='par_1_5' title="bbox 71 1098 1169 3903">
     <span class='ocr_line' id='line_1_8' title="bbox 154 1124 1145 1216; baseline 0.003 -26.834"><span class='ocrx_word' id='word_1_45' title='bbox 154 1126 267 1191; x_wconf 86' lang='lat' dir='ltr'><strong>deflens</strong></span> <span class='ocrx_word' id='word_1_46' title='bbox 283 1124 441 1190; x_wconf 80' lang='lat' dir='ltr'><strong>inducitur</strong></span> <span class='ocrx_word' id='word_1_47' title='bbox 457 1137 489 1191; x_wconf 87' lang='lat' dir='ltr'><strong>et</strong></span> <span class='ocrx_word' id='word_1_48' title='bbox 504 1124 562 1190; x_wconf 82' lang='lat' dir='ltr'><strong>huc</strong></span> <span class='ocrx_word' id='word_1_49' title='bbox 579 1129 636 1192; x_wconf 92' lang='lat' dir='ltr'><strong>ode</strong></span> <span class='ocrx_word' id='word_1_50' title='bbox 654 1127 837 1191; x_wconf 79' lang='lat' dir='ltr'><strong>celebretur.</strong></span> <span class='ocrx_word' id='word_1_51' title='bbox 867 1127 900 1190; x_wconf 94' lang='lat' dir='ltr'><strong>ld</strong></span> <span class='ocrx_word' id='word_1_52' title='bbox 916 1127 1056 1216; x_wconf 81' lang='lat' dir='ltr'><strong>contigit</strong></span> <span class='ocrx_word' id='word_1_53' title='bbox 1068 1150 1145 1192; x_wconf 84' lang='lat' dir='ltr'><strong>enno</strong></span> 
     </span>
     <span class='ocr_line' id='line_1_9' title="bbox 113 1229 1144 1322; baseline 0.004 -30"><span class='ocrx_word' id='word_1_54' title='bbox 113 1292 117 1299; x_wconf 80' lang='grc'><strong>,</strong></span> <span class='ocrx_word' id='word_1_55' title='bbox 154 1240 226 1294; x_wconf 81' lang='lat' dir='ltr'><strong>ente</strong></span> <span class='ocrx_word' id='word_1_56' title='bbox 239 1229 323 1294; x_wconf 83' lang='lat' dir='ltr'><strong>¹Chr.</strong></span> <span class='ocrx_word' id='word_1_57' title='bbox 345 1231 438 1310; x_wconf 70' lang='lat'><strong>822,</strong></span> <span class='ocrx_word' id='word_1_58' title='bbox 460 1253 524 1321; x_wconf 89' lang='lat' dir='ltr'><strong>quo</strong></span> <span class='ocrx_word' id='word_1_59' title='bbox 545 1252 627 1294; x_wconf 78' lang='lat' dir='ltr'><strong>enno</strong></span> <span class='ocrx_word' id='word_1_60' title='bbox 648 1229 709 1295; x_wconf 87' lang='lat' dir='ltr'><strong>fuit</strong></span> <span class='ocrx_word' id='word_1_61' title='bbox 729 1230 785 1295; x_wconf 82' lang='lat' dir='ltr'><strong>illu</strong></span> <span class='ocrx_word' id='word_1_62' title='bbox 806 1229 933 1322; x_wconf 74' lang='lat' dir='ltr'><strong>siccitas.</strong></span> <span class='ocrx_word' id='word_1_63' title='bbox 956 1230 1079 1296; x_wconf 81' lang='lat' dir='ltr'><strong>Dehec</strong></span> <span class='ocrx_word' id='word_1_64' title='bbox 1091 1233 1144 1296; x_wconf 81' lang='lat' dir='ltr'><strong>o&#39;ds</strong></span> 
     </span>
     <span class='ocr_line' id='line_1_10' title="bbox 85 1332 1143 1424; baseline 0.003 -28"><span class='ocrx_word' id='word_1_65' title='bbox 85 1408 88 1413; x_wconf 28' lang='grc' dir='ltr'>Ι</span> <span class='ocrx_word' id='word_1_66' title='bbox 153 1332 246 1398; x_wconf 80' lang='lat' dir='ltr'><strong>iubet</strong></span> <span class='ocrx_word' id='word_1_67' title='bbox 267 1332 397 1398; x_wconf 85' lang='lat' dir='ltr'><strong>historie</strong></span> <span class='ocrx_word' id='word_1_68' title='bbox 419 1333 570 1414; x_wconf 87' lang='lat' dir='ltr'><strong>Sinensis,</strong></span> <span class='ocrx_word' id='word_1_69' title='bbox 593 1356 671 1423; x_wconf 81' lang='lat' dir='ltr'><strong>quse</strong></span> <span class='ocrx_word' id='word_1_70' title='bbox 692 1333 806 1415; x_wconf 78' lang='lat' dir='ltr'><strong>refert,</strong></span> <span class='ocrx_word' id='word_1_71' title='bbox 828 1345 1143 1424; x_wconf 57' lang='lat' dir='ltr'><strong>quotempors1,qrrs</strong></span> 
     </span>
     <span class='ocr_line' id='line_1_11' title="bbox 152 1437 798 1526; baseline -0.003 -24"><span class='ocrx_word' id='word_1_72' title='bbox 152 1437 311 1503; x_wconf 78' lang='lat' dir='ltr'><strong>occasione</strong></span> <span class='ocrx_word' id='word_1_73' title='bbox 333 1437 482 1526; x_wconf 89' lang='lat' dir='ltr'><strong>scriptum</strong></span> <span class='ocrx_word' id='word_1_74' title='bbox 504 1437 543 1502; x_wconf 94' lang='lat' dir='ltr'><strong>sit</strong></span> <span class='ocrx_word' id='word_1_75' title='bbox 564 1437 643 1502; x_wconf 88' lang='lat' dir='ltr'><strong>illud</strong></span> <span class='ocrx_word' id='word_1_76' title='bbox 664 1459 798 1502; x_wconf 80' lang='lat' dir='ltr'><strong>cermen.</strong></span> 
     </span>
     <span class='ocr_line' id='line_1_12' title="bbox 218 1539 1140 1631; baseline 0.002 -28"><span class='ocrx_word' id='word_1_77' title='bbox 218 1541 253 1604; x_wconf 89' lang='lat' dir='ltr'><strong>ln</strong></span> <span class='ocrx_word' id='word_1_78' title='bbox 268 1539 390 1630; x_wconf 73' lang='lat' dir='ltr'><strong>=&#39;genere</strong></span> <span class='ocrx_word' id='word_1_79' title='bbox 411 1544 585 1606; x_wconf 82' lang='lat' dir='ltr'><strong>notundurn&#39;</strong></span> <span class='ocrx_word' id='word_1_80' title='bbox 610 1553 655 1607; x_wconf 95' lang='lat' dir='ltr'><strong>est</strong></span> <span class='ocrx_word' id='word_1_81' title='bbox 679 1565 731 1606; x_wconf 89' lang='lat' dir='ltr'><strong>me</strong></span> <span class='ocrx_word' id='word_1_82' title='bbox 759 1565 824 1605; x_wconf 92' lang='lat' dir='ltr'><strong>non</strong></span> <span class='ocrx_word' id='word_1_83' title='bbox 851 1540 1047 1630; x_wconf 78' lang='lat' dir='ltr'><strong>distinguere</strong></span> <span class='ocrx_word' id='word_1_84' title='bbox 1075 1565 1140 1631; x_wconf 83' lang='lat' dir='ltr'><strong>epo</strong></span> 
     </span>
     <span class='ocr_line' id='line_1_13' title="bbox 152 1641 1140 1735; baseline 0.004 -30"><span class='ocrx_word' id='word_1_85' title='bbox 152 1641 241 1706; x_wconf 81' lang='lat' dir='ltr'><strong>chum</strong></span> <span class='ocrx_word' id='word_1_86' title='bbox 264 1645 338 1707; x_wconf 76' lang='lat' dir='ltr'><strong>odae</strong></span> <span class='ocrx_word' id='word_1_87' title='bbox 360 1646 398 1709; x_wconf 83' lang='lat' dir='ltr'><strong>nb</strong></span> <span class='ocrx_word' id='word_1_88' title='bbox 420 1646 538 1735; x_wconf 72' lang='lat' dir='ltr'><strong>epoche</strong></span> <span class='ocrx_word' id='word_1_89' title='bbox 559 1645 631 1710; x_wconf 81' lang='lat' dir='ltr'><strong>fecti</strong></span> <span class='ocrx_word' id='word_1_90' title='bbox 653 1647 736 1735; x_wconf 89' lang='lat' dir='ltr'><strong>quod</strong></span> <span class='ocrx_word' id='word_1_91' title='bbox 757 1646 888 1709; x_wconf 82' lang='lat' dir='ltr'><strong>estodee</strong></span> <span class='ocrx_word' id='word_1_92' title='bbox 903 1657 1140 1734; x_wconf 75' lang='lat' dir='ltr'><strong>argumenmm3</strong></span> 
     </span>
     <span class='ocr_line' id='line_1_14' title="bbox 150 1744 1140 1841; baseline 0.003 -32"><span class='ocrx_word' id='word_1_93' title='bbox 150 1745 223 1836; x_wconf 79' lang='lat' dir='ltr'><strong>quis</strong></span> <span class='ocrx_word' id='word_1_94' title='bbox 244 1744 318 1837; x_wconf 82' lang='lat' dir='ltr'><strong>fecti</strong></span> <span class='ocrx_word' id='word_1_95' title='bbox 340 1757 372 1811; x_wconf 89' lang='lat' dir='ltr'><strong>et</strong></span> <span class='ocrx_word' id='word_1_96' title='bbox 392 1748 467 1811; x_wconf 82' lang='lat' dir='ltr'><strong>odeo</strong></span> <span class='ocrx_word' id='word_1_97' title='bbox 487 1772 552 1811; x_wconf 82' lang='lat' dir='ltr'><strong>une</strong></span> <span class='ocrx_word' id='word_1_98' title='bbox 573 1760 603 1812; x_wconf 89' lang='lat' dir='ltr'><strong>et</strong></span> <span class='ocrx_word' id='word_1_99' title='bbox 624 1751 729 1811; x_wconf 82' lang='lat' dir='ltr'><strong>eudem</strong></span> <span class='ocrx_word' id='word_1_100' title='bbox 751 1747 888 1836; x_wconf 82' lang='lat' dir='ltr'><strong>epocho3</strong></span> <span class='ocrx_word' id='word_1_101' title='bbox 918 1746 1039 1811; x_wconf 82' lang='lat' dir='ltr'><strong>fuctum</strong></span> <span class='ocrx_word' id='word_1_102' title='bbox 1053 1748 1140 1841; x_wconf 29' lang='lat' dir='ltr'><strong>&#39;enim</strong></span> 
     </span>
     <span class='ocr_line' id='line_1_15' title="bbox 71 1844 1138 1942; baseline 0.003 -29"><span class='ocrx_word' id='word_1_103' title='bbox 71 1938 74 1942; x_wconf 13' lang='grc' dir='ltr'>ι</span> <span class='ocrx_word' id='word_1_104' title='bbox 150 1849 278 1939; x_wconf 83' lang='lat' dir='ltr'><strong>quodvis</strong></span> <span class='ocrx_word' id='word_1_105' title='bbox 300 1848 422 1941; x_wconf 80' lang='lat' dir='ltr'><strong>insigne</strong></span> <span class='ocrx_word' id='word_1_106' title='bbox 441 1844 544 1916; x_wconf 54' lang='lat' dir='ltr'><strong>&#39;stetim</strong></span> <span class='ocrx_word' id='word_1_107' title='bbox 561 1851 700 1915; x_wconf 83' lang='lat' dir='ltr'><strong>versibus</strong></span> <span class='ocrx_word' id='word_1_108' title='bbox 716 1851 928 1916; x_wconf 81' lang='lat' dir='ltr'><strong>mendehstur.</strong></span> <span class='ocrx_word' id='word_1_109' title='bbox 974 1851 1138 1937; x_wconf 76' lang='lat' dir='ltr'><strong>Hsecnota</strong></span> 
     </span>
     <span class='ocr_line' id='line_1_16' title="bbox 149 1952 1015 2044; baseline 0.001 -27"><span class='ocrx_word' id='word_1_110' title='bbox 149 1952 247 2017; x_wconf 72' lang='lat' dir='ltr'><strong>velerit</strong></span> <span class='ocrx_word' id='word_1_111' title='bbox 268 1952 327 2042; x_wconf 89' lang='lat' dir='ltr'><strong>pro</strong></span> <span class='ocrx_word' id='word_1_112' title='bbox 349 1953 561 2043; x_wconf 79' lang='lat' dir='ltr'><strong>superioribus</strong></span> <span class='ocrx_word' id='word_1_113' title='bbox 583 1954 649 2018; x_wconf 90' lang='lat' dir='ltr'><strong>odis</strong></span> <span class='ocrx_word' id='word_1_114' title='bbox 670 1963 701 2018; x_wconf 91' lang='lat' dir='ltr'><strong>et</strong></span> <span class='ocrx_word' id='word_1_115' title='bbox 721 1978 781 2044; x_wconf 89' lang='lat' dir='ltr'><strong>pro</strong></span> <span class='ocrx_word' id='word_1_116' title='bbox 803 1953 1015 2044; x_wconf 88' lang='lat' dir='ltr'><strong>sequentibus.</strong></span> 
     </span>
     <span class='ocr_line' id='line_1_17' title="bbox 212 2054 1138 2125; baseline 0 -3"><span class='ocrx_word' id='word_1_117' title='bbox 212 2054 261 2122; x_wconf 89' lang='lat' dir='ltr'><strong>De</strong></span> <span class='ocrx_word' id='word_1_118' title='bbox 284 2057 364 2122; x_wconf 79' lang='lat' dir='ltr'><strong>Che</strong></span> <span class='ocrx_word' id='word_1_119' title='bbox 385 2056 535 2122; x_wconf 75' lang='lat' dir='ltr'><strong>sacrificio</strong></span> <span class='ocrx_word' id='word_1_120' title='bbox 556 2059 617 2122; x_wconf 83' lang='lat' dir='ltr'><strong>vid.</strong></span> <span class='ocrx_word' id='word_1_121' title='bbox 640 2068 703 2123; x_wconf 80' lang='lat' dir='ltr'><strong>not</strong></span> <span class='ocrx_word' id='word_1_122' title='bbox 726 2058 760 2122; x_wconf 89' lang='lat' dir='ltr'><strong>in</strong></span> <span class='ocrx_word' id='word_1_123' title='bbox 781 2058 815 2122; x_wconf 89' lang='lat' dir='ltr'><strong>ll.</strong></span> <span class='ocrx_word' id='word_1_124' title='bbox 839 2059 911 2123; x_wconf 76' lang='lat' dir='ltr'><strong>ss.</strong></span> <span class='ocrx_word' id='word_1_125' title='bbox 935 2058 1005 2125; x_wconf 90' lang='lat' dir='ltr'><strong>Hoc</strong></span> <span class='ocrx_word' id='word_1_126' title='bbox 1026 2058 1138 2123; x_wconf 79' lang='lat' dir='ltr'><strong>sacrifi·</strong></span> 
     </span>
     <span class='ocr_line' id='line_1_18' title="bbox 73 2159 1138 2251; baseline 0.004 -28"><span class='ocrx_word' id='word_1_127' title='bbox 73 2198 76 2202; x_wconf 92' lang='lat'>·</span> <span class='ocrx_word' id='word_1_128' title='bbox 149 2159 234 2225; x_wconf 89' lang='lat' dir='ltr'><strong>cium</strong></span> <span class='ocrx_word' id='word_1_129' title='bbox 256 2160 291 2226; x_wconf 84' lang='lat' dir='ltr'><strong>fit</strong></span> <span class='ocrx_word' id='word_1_130' title='bbox 311 2185 383 2226; x_wconf 85' lang='lat' dir='ltr'><strong>vere</strong></span> <span class='ocrx_word' id='word_1_131' title='bbox 404 2163 553 2247; x_wconf 81' lang='lat' dir='ltr'><strong>ineunte3</strong></span> <span class='ocrx_word' id='word_1_132' title='bbox 575 2174 650 2251; x_wconf 83' lang='lat' dir='ltr'><strong>tunc</strong></span> <span class='ocrx_word' id='word_1_133' title='bbox 671 2162 873 2251; x_wconf 78' lang='lat' dir='ltr'><strong>imperatores</strong></span> <span class='ocrx_word' id='word_1_134' title='bbox 894 2184 960 2225; x_wconf 91' lang='lat' dir='ltr'><strong>non</strong></span> <span class='ocrx_word' id='word_1_135' title='bbox 982 2165 1076 2227; x_wconf 89' lang='lat' dir='ltr'><strong>modo</strong></span> <span class='ocrx_word' id='word_1_136' title='bbox 1097 2186 1138 2227; x_wconf 82' lang='lat' dir='ltr'><strong>su-</strong></span> 
     </span>
     <span class='ocr_line' id='line_1_19' title="bbox 148 2263 1136 2357; baseline 0.006 -31"><span class='ocrx_word' id='word_1_137' title='bbox 148 2263 303 2346; x_wconf 84' lang='lat' dir='ltr'><strong>crificent,</strong></span> <span class='ocrx_word' id='word_1_138' title='bbox 325 2267 376 2330; x_wconf 89' lang='lat' dir='ltr'><strong>sed</strong></span> <span class='ocrx_word' id='word_1_139' title='bbox 398 2265 489 2330; x_wconf 81' lang='lat' dir='ltr'><strong>etiam</strong></span> <span class='ocrx_word' id='word_1_140' title='bbox 507 2278 609 2351; x_wconf 71' lang='lat' dir='ltr'><strong>urent,</strong></span> <span class='ocrx_word' id='word_1_141' title='bbox 632 2278 663 2330; x_wconf 91' lang='lat' dir='ltr'><strong>et</strong></span> <span class='ocrx_word' id='word_1_142' title='bbox 676 2264 737 2329; x_wconf 89' lang='lat' dir='ltr'><strong>hoc</strong></span> <span class='ocrx_word' id='word_1_143' title='bbox 754 2266 792 2329; x_wconf 83' lang='lat' dir='ltr'><strong>nb</strong></span> <span class='ocrx_word' id='word_1_144' title='bbox 808 2265 919 2329; x_wconf 83' lang='lat' dir='ltr'><strong>ultime</strong></span> <span class='ocrx_word' id='word_1_145' title='bbox 936 2266 1136 2357; x_wconf 70' lang='lat' dir='ltr'><strong>antiquitate,</strong></span> 
     </span>
     <span class='ocr_line' id='line_1_20' title="bbox 148 2368 1137 2459; baseline 0.004 -29"><span class='ocrx_word' id='word_1_146' title='bbox 148 2392 336 2458; x_wconf 81' lang='lat' dir='ltr'><strong>quemquern</strong></span> <span class='ocrx_word' id='word_1_147' title='bbox 357 2380 471 2459; x_wconf 79' lang='lat' dir='ltr'><strong>terrem</strong></span> <span class='ocrx_word' id='word_1_148' title='bbox 493 2369 598 2434; x_wconf 71' lang='lat' dir='ltr'><strong>uendi</strong></span> <span class='ocrx_word' id='word_1_149' title='bbox 619 2393 687 2434; x_wconf 89' lang='lat' dir='ltr'><strong>mos</strong></span> <span class='ocrx_word' id='word_1_150' title='bbox 709 2369 829 2433; x_wconf 81' lang='lat' dir='ltr'><strong>videtur</strong></span> <span class='ocrx_word' id='word_1_151' title='bbox 851 2368 955 2432; x_wconf 90' lang='lat' dir='ltr'><strong>minus</strong></span> <span class='ocrx_word' id='word_1_152' title='bbox 972 2369 1137 2459; x_wconf 71' lang='lat' dir='ltr'><strong>antiquus,</strong></span> 
     </span>
     <span class='ocr_line' id='line_1_21' title="bbox 147 2471 1137 2563; baseline 0.001 -27"><span class='ocrx_word' id='word_1_153' title='bbox 147 2473 269 2561; x_wconf 80' lang='lat' dir='ltr'><strong>quondo</strong></span> <span class='ocrx_word' id='word_1_154' title='bbox 290 2471 461 2560; x_wconf 71' lang='lat' dir='ltr'><strong>incoeperit</strong></span> <span class='ocrx_word' id='word_1_155' title='bbox 481 2497 545 2539; x_wconf 91' lang='lat' dir='ltr'><strong>non</strong></span> <span class='ocrx_word' id='word_1_156' title='bbox 566 2473 684 2563; x_wconf 71' lang='lat' dir='ltr'><strong>liquot,</strong></span> <span class='ocrx_word' id='word_1_157' title='bbox 716 2475 768 2539; x_wconf 89' lang='lat' dir='ltr'><strong>sed</strong></span> <span class='ocrx_word' id='word_1_158' title='bbox 789 2471 884 2561; x_wconf 84' lang='lat' dir='ltr'><strong>hujus</strong></span> <span class='ocrx_word' id='word_1_159' title='bbox 905 2472 1051 2553; x_wconf 74' lang='lat' dir='ltr'><strong>sacrificii</strong></span> <span class='ocrx_word' id='word_1_160' title='bbox 1072 2496 1137 2538; x_wconf 88' lang='lat' dir='ltr'><strong>mos</strong></span> 
     </span>
     <span class='ocr_line' id='line_1_22' title="bbox 147 2572 729 2666; baseline 0.002 -26"><span class='ocrx_word' id='word_1_161' title='bbox 147 2599 220 2641; x_wconf 81' lang='lat' dir='ltr'><strong>erun</strong></span> <span class='ocrx_word' id='word_1_162' title='bbox 241 2574 421 2657; x_wconf 67' lang='lat' dir='ltr'><strong>monarchia</strong></span> <span class='ocrx_word' id='word_1_163' title='bbox 441 2576 563 2643; x_wconf 88' lang='lat' dir='ltr'><strong>Sinensi</strong></span> <span class='ocrx_word' id='word_1_164' title='bbox 584 2572 729 2666; x_wconf 90' lang='lat' dir='ltr'><strong>incoepit.</strong></span> 
     </span>
     <span class='ocr_line' id='line_1_23' title="bbox 558 2681 1133 2767; baseline 0.003 -21"><span class='ocrx_word' id='word_1_165' title='bbox 558 2681 668 2746; x_wconf 89' lang='lat' dir='ltr'><strong>Ode</strong></span> <span class='ocrx_word' id='word_1_166' title='bbox 710 2683 741 2747; x_wconf 83' lang='lat'><strong>5.</strong></span> <span class='ocrx_word' id='word_1_167' title='bbox 863 2756 869 2765; x_wconf 46' lang='lat'><strong>,</strong></span> <span class='ocrx_word' id='word_1_168' title='bbox 1128 2758 1133 2767; x_wconf 32' lang='lat'><strong><em>¹</em></strong></span> 
     </span>
     <span class='ocr_line' id='line_1_24' title="bbox 212 2783 1135 2875; baseline 0.004 -28"><span class='ocrx_word' id='word_1_169' title='bbox 212 2784 278 2848; x_wconf 77' lang='lat' dir='ltr'><strong>Hoc</strong></span> <span class='ocrx_word' id='word_1_170' title='bbox 299 2786 355 2848; x_wconf 81' lang='lat' dir='ltr'><strong>ode</strong></span> <span class='ocrx_word' id='word_1_171' title='bbox 377 2783 552 2854; x_wconf 83' lang='lat' dir='ltr'><strong>celebretur</strong></span> <span class='ocrx_word' id='word_1_172' title='bbox 573 2784 744 2875; x_wconf 87' lang='lat' dir='ltr'><strong>Chin·pe</strong></span> <span class='ocrx_word' id='word_1_173' title='bbox 772 2784 822 2848; x_wconf 77' lang='lat' dir='ltr'><strong>vir</strong></span> <span class='ocrx_word' id='word_1_174' title='bbox 843 2783 1007 2873; x_wconf 86' lang='lat' dir='ltr'><strong>princeps,</strong></span> <span class='ocrx_word' id='word_1_175' title='bbox 1041 2785 1135 2875; x_wconf 80' lang='lat' dir='ltr'><strong>impe</strong></span> 
     </span>
     <span class='ocr_line' id='line_1_25' title="bbox 146 2886 1134 2978; baseline 0.004 -27"><span class='ocrx_word' id='word_1_176' title='bbox 146 2887 258 2961; x_wconf 72' lang='lat' dir='ltr'><strong>retusis</strong></span> <span class='ocrx_word' id='word_1_177' title='bbox 280 2887 536 2978; x_wconf 57' lang='lat' dir='ltr'><strong>Suensousng</strong></span> <span class='ocrx_word' id='word_1_178' title='bbox 557 2889 748 2969; x_wconf 75' lang='lat' dir='ltr'><strong>avunculus,</strong></span> <span class='ocrx_word' id='word_1_179' title='bbox 778 2889 815 2952; x_wconf 90' lang='lat' dir='ltr'><strong>de</strong></span> <span class='ocrx_word' id='word_1_180' title='bbox 837 2912 900 2977; x_wconf 86' lang='lat' dir='ltr'><strong>quo</strong></span> <span class='ocrx_word' id='word_1_181' title='bbox 920 2886 991 2961; x_wconf 88' lang='lat' dir='ltr'><strong>vide</strong></span> <span class='ocrx_word' id='word_1_182' title='bbox 1013 2890 1134 2955; x_wconf 82' lang='lat' dir='ltr'><strong>notin</strong></span> 
     </span>
     <span class='ocr_line' id='line_1_26' title="bbox 144 2984 1137 3081; baseline 0.006 -29"><span class='ocrx_word' id='word_1_183' title='bbox 144 2988 179 3054; x_wconf 86' lang='lat' dir='ltr'><strong>ll.</strong></span> <span class='ocrx_word' id='word_1_184' title='bbox 203 2984 294 3071; x_wconf 60' lang='lat' dir='ltr'><strong>M,</strong></span> <span class='ocrx_word' id='word_1_185' title='bbox 315 3002 346 3055; x_wconf 90' lang='lat' dir='ltr'><strong>et</strong></span> <span class='ocrx_word' id='word_1_186' title='bbox 367 2990 422 3080; x_wconf 89' lang='lat' dir='ltr'><strong>qui</strong></span> <span class='ocrx_word' id='word_1_187' title='bbox 444 2991 479 3056; x_wconf 92' lang='lat' dir='ltr'><strong>in</strong></span> <span class='ocrx_word' id='word_1_188' title='bbox 499 2988 611 3057; x_wconf 82' lang='lat' dir='ltr'><strong>novem</strong></span> <span class='ocrx_word' id='word_1_189' title='bbox 632 2992 787 3075; x_wconf 39' lang='lat' dir='ltr'><strong>ditionem,</strong></span> <span class='ocrx_word' id='word_1_190' title='bbox 803 2991 863 3081; x_wconf 80' lang='lat' dir='ltr'><strong>ipsi</strong></span> <span class='ocrx_word' id='word_1_191' title='bbox 884 2990 923 3054; x_wconf 87' lang='lat' dir='ltr'><strong>eb</strong></span> <span class='ocrx_word' id='word_1_192' title='bbox 944 2990 1137 3081; x_wconf 75' lang='lat' dir='ltr'><strong>imperatore</strong></span> 
     </span>
     <span class='ocr_line' id='line_1_27' title="bbox 145 3093 1169 3184; baseline 0.002 -24"><span class='ocrx_word' id='word_1_193' title='bbox 145 3093 325 3160; x_wconf 71' lang='lat' dir='ltr'><strong>attributum</strong></span> <span class='ocrx_word' id='word_1_194' title='bbox 334 3093 594 3184; x_wconf 49' lang='lat' dir='ltr'><strong>,proficiscebatur</strong></span> <span class='ocrx_word' id='word_1_195' title='bbox 606 3122 616 3181; x_wconf 83' lang='lat'><em>3</em></span> <span class='ocrx_word' id='word_1_196' title='bbox 638 3096 723 3161; x_wconf 91' lang='lat' dir='ltr'><strong>hunc</strong></span> <span class='ocrx_word' id='word_1_197' title='bbox 744 3103 836 3184; x_wconf 78' lang='lat' dir='ltr'><strong>poe&#39;tu</strong></span> <span class='ocrx_word' id='word_1_198' title='bbox 857 3095 914 3175; x_wconf 85' lang='lat' dir='ltr'><strong>ln·</strong></span> <span class='ocrx_word' id='word_1_199' title='bbox 927 3093 1067 3161; x_wconf 80' lang='lat' dir='ltr'><strong>ki·s0u</strong></span> <span class='ocrx_word' id='word_1_200' title='bbox 1087 3120 1134 3161; x_wconf 77' lang='lat' dir='ltr'><strong>co</strong></span> <span class='ocrx_word' id='word_1_201' title='bbox 1165 3124 1169 3131; x_wconf 93' lang='lat'>·</span> 
     </span>
     <span class='ocr_line' id='line_1_28' title="bbox 143 3198 1135 3290; baseline 0.003 -27"><span class='ocrx_word' id='word_1_202' title='bbox 143 3199 268 3264; x_wconf 79' lang='lat' dir='ltr'><strong>mitetus</strong></span> <span class='ocrx_word' id='word_1_203' title='bbox 281 3210 327 3263; x_wconf 91' lang='lat' dir='ltr'><strong>est</strong></span> <span class='ocrx_word' id='word_1_204' title='bbox 345 3210 375 3263; x_wconf 93' lang='lat' dir='ltr'><strong>et</strong></span> <span class='ocrx_word' id='word_1_205' title='bbox 391 3199 566 3288; x_wconf 88' lang='lat' dir='ltr'><strong>principem</strong></span> <span class='ocrx_word' id='word_1_206' title='bbox 578 3199 752 3288; x_wconf 73' lang='lat' dir='ltr'><strong>Chinpe</strong></span> <span class='ocrx_word' id='word_1_207' title='bbox 764 3198 906 3266; x_wconf 81' lang='lat' dir='ltr'><strong>leudibus</strong></span> <span class='ocrx_word' id='word_1_208' title='bbox 919 3200 1135 3290; x_wconf 75' lang='lat' dir='ltr'><strong>prosequitur.</strong></span> 
     </span>
     <span class='ocr_line' id='line_1_29' title="bbox 207 3300 1134 3390; baseline 0.003 -24"><span class='ocrx_word' id='word_1_209' title='bbox 207 3304 363 3367; x_wconf 87' lang='lat' dir='ltr'><strong>Montes</strong></span> <span class='ocrx_word' id='word_1_210' title='bbox 388 3302 442 3367; x_wconf 90' lang='lat' dir='ltr'><strong>Yo</strong></span> <span class='ocrx_word' id='word_1_211' title='bbox 463 3315 519 3367; x_wconf 89' lang='lat' dir='ltr'><strong>etc.</strong></span> <span class='ocrx_word' id='word_1_212' title='bbox 572 3305 644 3370; x_wconf 89' lang='lat' dir='ltr'><strong>Non</strong></span> <span class='ocrx_word' id='word_1_213' title='bbox 667 3301 768 3367; x_wconf 84' lang='lat' dir='ltr'><strong>solum</strong></span> <span class='ocrx_word' id='word_1_214' title='bbox 789 3302 823 3365; x_wconf 91' lang='lat' dir='ltr'><strong>in</strong></span> <span class='ocrx_word' id='word_1_215' title='bbox 837 3300 960 3390; x_wconf 88' lang='lat' dir='ltr'><strong>templis</strong></span> <span class='ocrx_word' id='word_1_216' title='bbox 978 3302 1083 3369; x_wconf 80' lang='lat' dir='ltr'><strong>Risu</strong></span> <span class='ocrx_word' id='word_1_217' title='bbox 1103 3315 1134 3369; x_wconf 90' lang='lat' dir='ltr'><strong>et</strong></span> 
     </span>
     <span class='ocr_line' id='line_1_30' title="bbox 144 3404 1150 3473; baseline 0.005 -5"><span class='ocrx_word' id='word_1_218' title='bbox 144 3404 226 3469; x_wconf 83' lang='lat' dir='ltr'><strong>Che</strong></span> <span class='ocrx_word' id='word_1_219' title='bbox 256 3405 370 3472; x_wconf 82' lang='lat' dir='ltr'><strong>fiebunt</strong></span> <span class='ocrx_word' id='word_1_220' title='bbox 398 3430 519 3471; x_wconf 87' lang='lat' dir='ltr'><strong>summo</strong></span> <span class='ocrx_word' id='word_1_221' title='bbox 549 3430 657 3471; x_wconf 88' lang='lat' dir='ltr'><strong>rerum</strong></span> <span class='ocrx_word' id='word_1_222' title='bbox 677 3406 803 3473; x_wconf 87' lang='lat' dir='ltr'><strong>domino</strong></span> <span class='ocrx_word' id='word_1_223' title='bbox 826 3404 1071 3472; x_wconf 68' lang='lat' dir='ltr'><strong>etzdominutori</strong></span> <span class='ocrx_word' id='word_1_224' title='bbox 1092 3421 1150 3473; x_wconf 54' lang='lat' dir='ltr'><strong>sss</strong></span> 
     </span>
     <span class='ocr_line' id='line_1_31' title="bbox 142 3507 1135 3599; baseline 0.006 -28"><span class='ocrx_word' id='word_1_225' title='bbox 142 3507 279 3589; x_wconf 79' lang='lat' dir='ltr'><strong>criticis,</strong></span> <span class='ocrx_word' id='word_1_226' title='bbox 301 3512 352 3575; x_wconf 85' lang='lat' dir='ltr'><strong>sed</strong></span> <span class='ocrx_word' id='word_1_227' title='bbox 373 3511 467 3581; x_wconf 78' lang='lat' dir='ltr'><strong>etiarn</strong></span> <span class='ocrx_word' id='word_1_228' title='bbox 487 3510 522 3574; x_wconf 91' lang='lat' dir='ltr'><strong>in</strong></span> <span class='ocrx_word' id='word_1_229' title='bbox 542 3511 700 3574; x_wconf 88' lang='lat' dir='ltr'><strong>montibus</strong></span> <span class='ocrx_word' id='word_1_230' title='bbox 721 3509 847 3599; x_wconf 86' lang='lat' dir='ltr'><strong>imperii</strong></span> <span class='ocrx_word' id='word_1_231' title='bbox 869 3508 1085 3577; x_wconf 87' lang='lat' dir='ltr'><strong>celeberrimis</strong></span> <span class='ocrx_word' id='word_1_232' title='bbox 1105 3522 1135 3577; x_wconf 88' lang='lat' dir='ltr'><strong>et</strong></span> 
     </span>
     <span class='ocr_line' id='line_1_32' title="bbox 143 3611 1155 3702; baseline 0.001 -23"><span class='ocrx_word' id='word_1_233' title='bbox 143 3612 181 3679; x_wconf 72' lang='lat' dir='ltr'><strong>ed</strong></span> <span class='ocrx_word' id='word_1_234' title='bbox 201 3611 233 3675; x_wconf 89' lang='lat' dir='ltr'><strong>id</strong></span> <span class='ocrx_word' id='word_1_235' title='bbox 252 3613 387 3695; x_wconf 81' lang='lat' dir='ltr'><strong>selectis,</strong></span> <span class='ocrx_word' id='word_1_236' title='bbox 410 3615 465 3702; x_wconf 88' lang='lat' dir='ltr'><strong>qui</strong></span> <span class='ocrx_word' id='word_1_237' title='bbox 486 3626 641 3679; x_wconf 87' lang='lat' dir='ltr'><strong>montes</strong></span> <span class='ocrx_word' id='word_1_238' title='bbox 664 3613 718 3678; x_wconf 89' lang='lat' dir='ltr'><strong>Yo</strong></span> <span class='ocrx_word' id='word_1_239' title='bbox 739 3614 939 3695; x_wconf 79' lang='lat' dir='ltr'><strong>dicebantur,</strong></span> <span class='ocrx_word' id='word_1_240' title='bbox 973 3614 1033 3678; x_wconf 87' lang='lat' dir='ltr'><strong>ubi</strong></span> <span class='ocrx_word' id='word_1_241' title='bbox 1055 3614 1155 3681; x_wconf 80' lang='lat' dir='ltr'><strong>cole-</strong></span> 
     </span>
     <span class='ocr_line' id='line_1_33' title="bbox 141 3715 1133 3808; baseline 0.004 -27"><span class='ocrx_word' id='word_1_242' title='bbox 141 3715 254 3783; x_wconf 68' lang='lat' dir='ltr'><strong>bantur</strong></span> <span class='ocrx_word' id='word_1_243' title='bbox 275 3727 305 3779; x_wconf 92' lang='lat' dir='ltr'><strong>et</strong></span> <span class='ocrx_word' id='word_1_244' title='bbox 324 3718 404 3780; x_wconf 83' lang='lat' dir='ltr'><strong>vurii</strong></span> <span class='ocrx_word' id='word_1_245' title='bbox 425 3718 553 3808; x_wconf 86' lang='lat' dir='ltr'><strong>spiritus</strong></span> <span class='ocrx_word' id='word_1_246' title='bbox 573 3741 651 3808; x_wconf 88' lang='lat' dir='ltr'><strong>quos</strong></span> <span class='ocrx_word' id='word_1_247' title='bbox 673 3741 793 3782; x_wconf 87' lang='lat' dir='ltr'><strong>summo</strong></span> <span class='ocrx_word' id='word_1_248' title='bbox 814 3741 923 3782; x_wconf 90' lang='lat' dir='ltr'><strong>rerum</strong></span> <span class='ocrx_word' id='word_1_249' title='bbox 939 3717 1071 3783; x_wconf 86' lang='lat' dir='ltr'><strong>domino</strong></span> <span class='ocrx_word' id='word_1_250' title='bbox 1087 3722 1133 3785; x_wconf 84' lang='lat' dir='ltr'><strong>ud·</strong></span> 
     </span>
     <span class='ocr_line' id='line_1_34' title="bbox 142 3817 1153 3903; baseline 0.006 -20"><span class='ocrx_word' id='word_1_251' title='bbox 142 3829 219 3883; x_wconf 74' lang='lat' dir='ltr'><strong>sture</strong></span> <span class='ocrx_word' id='word_1_252' title='bbox 241 3817 399 3884; x_wconf 88' lang='lat' dir='ltr'><strong>ministros</strong></span> <span class='ocrx_word' id='word_1_253' title='bbox 422 3822 601 3903; x_wconf 74' lang='lat' dir='ltr'><strong>credebant,</strong></span> <span class='ocrx_word' id='word_1_254' title='bbox 618 3820 678 3885; x_wconf 82' lang='lat' dir='ltr'><strong>itu</strong></span> <span class='ocrx_word' id='word_1_255' title='bbox 704 3820 783 3885; x_wconf 83' lang='lat' dir='ltr'><strong>liber</strong></span> <span class='ocrx_word' id='word_1_256' title='bbox 804 3820 932 3889; x_wconf 76' lang='lat' dir='ltr'><strong>Li-ki,</strong></span> <span class='ocrx_word' id='word_1_257' title='bbox 950 3821 987 3885; x_wconf 90' lang='lat' dir='ltr'><strong>de</strong></span> <span class='ocrx_word' id='word_1_258' title='bbox 1019 3823 1153 3888; x_wconf 70' lang='lat' dir='ltr'><strong>ritibus</strong></span> 
     </span>
    </p>
   </div>
   <div class='ocr_carea' id='block_1_5' title="bbox 0 0 1190 4334">
    <p class='ocr_par' dir='ltr' id='par_1_6' title="bbox 0 0 1190 4334">
     <span class='ocr_line' id='line_1_35' title="bbox 0 0 1190 4334; baseline 0 5"><span class='ocrx_word' id='word_1_259' title='bbox 0 0 1190 4334; x_wconf 95' lang='lat' dir='ltr'><strong> </strong></span> 
     </span>
    </p>
   </div>
  </div>
 </body>
</html>
