2370 4334
11 3616 110 3715 ott

145 256 206 314 196
428 243 568 315 Puth·
598 243 714 315 cna.
745 243 857 307 arat.

82 500 84 505 Α
141 400 247 481 onina
269 417 422 505 pius-est,
444 417 556 483 adsunt
577 416 614 479 in'
633 416 735 481 fluviis
758 428 788 480 et
809 415 879 480 altis
899 415 1060 480 montibus
1080 415 1135 480 Yo

141 514 289 587 dictitat
302 519 346 585 ibi
368 542 549 594 convenere.
594 521 764 608 Imperator
785 514 878 591 verus
906 512 1136 591 e'stdominua.

205 690 371 776 Tclreou
392 711 493 801 gentis
523 711 656 800 inclytae
678 710 823 801 splendor
844 678 967 799 ingens.
987 713 990 722 '
1014 709 1082 781 Qui
1105 709 1139 797 iu

93 792 98 819 ¹
142 814 220 879 solio
251 814 331 879 sedet
353 813 448 900 hujus
479 815 588 904 vigent
617 814 711 904 leges.
762 815 831 877 Jam
853 812 971 876 lanceas
994 824 1027 876 et
1050 825 1138 876 scuta

142 917 286 1007 collegit,
309 942 399 982 arcus
421 931 451 982 et
472 919 596 1008 sagittas
618 917 797 982 recondidit
846 919 932 997 Jam,
954 916 1076 1006 inquit,
1100 940 1137 980 eo

142 1033 278 1111 spectant
307 1022 403 1086 animi
430 1022 523 1086 totius
552 1021 614 1085 mei
643 1021 758 1100 studia,
791 1030 827 1084 ut
853 1014 1001 1084 virtutem
1024 1019 1136 1084 colam.

143 1126 231 1191 Hanc
259 1149 345 1190 suam
377 1124 569 1190 voluntatem
601 1136 706 1188 notam
738 1121 806 1188 vult
834 1132 897 1187 essa
928 1122 1114 1188 omnibns
1105 1148 1139 1186 m

142 1228 276 1317 imperio
292 1229 435 1294 Sinensi·
426 1276 436 1314 ,
458 1229 503 1293 sic
520 1227 690 1329 imperium
705 1227 875 1316 imperator
897 1225 954 1291 rite
971 1236 1138 1313 conservat

142 1343 173 1400 et
194 1343 307 1398 uretur.

161 1460 167 1470 ·
544 1418 670 1513 Ode¹
694 1440 725 1504 9.
775 1443 779 1451 ’
831 1442 835 1449 ·

208 1540 275 1604 Sibi
305 1524 404 1628 usque
434 1550 587 1621 attentus,
621 1538 740 1627 sibique
768 1537 835 1626 ipse
863 1536 1033 1626 invigilans
1062 1527 1137 1600 Oui

140 1663 278 1733 ouang
296 1644 483 1731 imperator,
506 1645 595 1730 cujus
617 1642 783 1733 praeclaris
799 1640 917 1704 meritis
937 1639 1018 1702 nihil
1035 1639 1138 1728 aequi-

67 1814 70 1819 ,
145 1746 249 1836 parari
275 1757 385 1834 potest
437 1745 623 1834 ching-
642 1756 832 1833 ouanget
857 1743 1140 1832 llang-ouang

146 1874 249 1914 nonne
272 1848 363 1912 etiam
384 1848 512 1915 filerunt
528 1872 644 1936 magno
662 1848 823 1936 splendore
841 1846 1045 1935 imperatores
1061 1851 1138 1935 quob

146 1977 284 2018 summus
307 1977 413 2017 rerum
434 1952 577 2017 dominus
600 1963 630 2017 et
651 1951 824 2027 dominator
846 1952 882 2014 ad
896 1949 1011 2023 solium
1027 1949 1138 2029 evexit,

147 2069 177 2124 et
198 2079 289 2151 reges
311 2080 373 2121 esse
396 2056 505 2122 voluit.

211 2162 392 2253 Atempore
410 2161 633 2250 imperatorum
649 2158 810 2248 Tobing
828 2169 857 2221 et
870 2157 1138 2246 llang-ouang

147 2264 186 2329 ab
207 2277 296 2346 ortu,
317 2265 533 2344 aduocatum,
555 2288 573 2327 a
593 2263 687 2327 borea
708 2264 746 2327 ad
767 2273 907 2327 austrum
928 2261 1082 2351 quidqru'd
1095 2272 1140 2324 est

147 2368 305 2458 regionis,
321 2420 325 2463 3
336 2367 491 2463 idtotum
511 2368 633 2432 Sinensi
654 2367 781 2456 parebat
802 2365 944 2455 imperio.
972 2364 1020 2430 ΙΟ
1043 2373 1138 2456 quam

148 2470 268 2537 illustra
290 2469 452 2563 utriusque
474 2470 668 2559 imperatoris
690 2473 820 2532 nomen!
993 2484 997 2491 '

213 2668 441 2758 Campanorum
463 2678 494 2732 et
509 2649 736 2757 'tympariorum
754 2692 886 2757 magnus
903 2667 939 2732 fit
956 2680 1137 2755 concentus,

149 2795 281 2862 magnus
304 2783 470 2839 concentus
492 2770 666 2837 fistularum
687 2785 717 2837 et
738 2771 1138 2861 instrumentorum'lling

148 2876 322 2960 dictorum,
344 2886 377 2941 et·
390 2873 471 2939 bona
492 2874 589 2940 multa
611 2875 699 2940 nobis
721 2875 847 2939 coelitus
868 2874 1047 2951 obveniunt.

563 3004 717 3018 *a

176 3126 179 3131 4
213 3075 284 3140 Alia
305 3099 342 3139 ex
364 3073 431 3138 aliis
452 3075 533 3138 bona
553 3074 642 3141 nobis
656 3054 968 3159 coelitusobvenere',
990 3084 1021 3137 et
1034 3074 1138 3147 nihilo

150 3181 308 3272 segniores
330 3177 418 3243 nobis
440 3179 500 3270 ipsi
520 3192 756 3269 praecavemus,
778 3177 1031 3268 diligentiamque
1052 3177 1138 3243 adhi

109 3306 112 3314 ⁴
150 3285 267 3350 bemus.
290 3282 392 3347 ”Vino
421 3282 632 3346 incalescimus
638 3294 651 3362 ,²
678 3282 908 3373 ad'satietatem
934 3280 1137 3363 comedimus,

150 3413 208 3454 nec
229 3389 309 3455 bona
331 3399 455 3452 cessant·
465 3387 500 3450 in
522 3387 765 3453 nosconfluere.

539 3506 643 3571 Ode
691 3531 737 3571 ιο.

180 3614 304 3691 (luae
320 3613 409 3702 pacis
432 3624 504 3677 sunt
523 3611 664 3676 laudibus
686 3611 830 3676 omnibus
857 3622 983 3676 ornatus
1011 3611 1136 3674 Heou-

155 3715 205 3780 tsi
227 3727 337 3802 potest
347 3716 431 3796 coeli
448 3715 645 3781 secundarius
665 3714 781 3787 baberi.
832 3715 954 3786 Quibus
981 3714 1138 3780 vescimur

152 3817 291 3908 fruges
283 3819 378 3906 ipsius
400 3843 518 3893 summa
528 3810 647 3891 virtute.
659 3832 689 3885 et
701 3815 850 3912 industria
860 3830 961 3966 partas
976 3818 1135 3885 babemus.
