2370 4334
434 214 509 280 Pana
524 214 546 277 l.
580 213 649 283 cn.
669 227 715 315 7.
766 180 791 293 ,Ι
1018 230 1059 288 ³9

122 348 293 467 maino.
327 384 557 474 sipiano
548 411 584 455 m
603 387 690 452 ursa
714 399 802 453 arra
820 402 960 456 varani
983 390 1059 475 ota,

19 515 29 523 „
57 488 116 578 qui
134 488 164 553 si
179 489 246 552 una
266 488 315 554 die
335 513 399 553 non
419 503 582 579 appareat,
607 489 685 557 haee
703 515 766 557 una
786 491 850 559 dies
868 505 914 574 est
928 518 988 583 pro
1006 495 1068 559 tri·
1145 584 1149 591 Ι

37 593 120 659 ·bus
141 593 317 657 mensibus.

463 632 573 747 Oile
618 683 667 751 td
679 684 754 761 lod.

116 798 259 886 *Placido
273 821 371 865 cumu
385 800 484 866 fluens
501 824 581 890 aqua
598 823 705 867 secum
724 826 788 869 non
804 805 920 895 abripit
935 805 1059 870 fluendo

56 904 229 992 spinarum
241 903 432 968 fasciculum.
461 903 731 993 Conjunctissimis
745 907 857 973 annuis
869 908 979 974 lraues
993 932 1057 973 non
1126 942 1130 948 ·

56 1006 116 1070 alii
133 1018 211 1072 sunt
228 1033 323 1098 quam
340 1031 400 1098 ego
418 1019 449 1073 et
467 1020 512 1073 tu.
556 1008 630 1075 Noli
651 1010 745 1085 variis
765 1012 944 1078 rumoribus
964 1011 1057 1081 fidem

57 1113 143 1177 dare.
180 1113 329 1177 Homines
351 1130 424 1183 vore
441 1124 472 1177 te
490 1113 666 1204 decipiunt,
690 1115 729 1182 de
745 1114 807 1180 hoe
824 1139 864 1180 ne
880 1116 1015 1181 dubites.-

124 1215 249 1280 Plaeido
269 1239 364 1281 cursu
383 1217 482 1289 fluens
501 1241 581 1308 aque
601 1240 706 1283 secum
726 1242 791 1290 non
814 1220 930 1309 abripit
955 1219 1056 1310 ligno

59 1342 136 1384 rum
163 1319 285 1396 fascem.
340 1319 609 1408 Conjunotissimis
633 1323 746 1387 animis
774 1321 885 1389 fratres
912 1344 976 1388 non
1002 1325 1056 1389 alii

59 1434 136 1486 sunt
164 1448 258 1512 mans
285 1447 341 1490 nos
369 1425 469 1488 ambo.
519 1425 593 1491 Noli
615 1426 750 1495 aliorum
778 1428 882 1493 verbis
910 1428 1054 1512 creder03

25 1511 27 1518 ¹
59 1525 110 1589 illi
128 1539 215 1592 corte
234 1526 327 1594 fidem
344 1553 409 1594 non
430 1540 601 1595 merentur.
1072 1534 1075 1543 “
1103 1520 1111 1545 ”

424 1691 426 1697 -
458 1649 488 1715 Ο
497 1651 568 1741 de
615 1673 664 1740 ¹9·
694 1648 784 1724 ²02·

72 1805 74 1809 ·
121 1769 219 1834 Extra
242 1783 364 1860 portam
391 1773 479 1838 urbis
503 1772 687 1839 orientalem
714 1786 788 1841 sunt
807 1774 954 1840 mulieres
976 1798 1074 1864 quas·¹

57 1873 181 1938 nubem
199 1897 262 1939 esse
284 1876 409 1941 diceres.
453 1877 545 1941 Licet
565 1877 656 1942 nubis
680 1877 777 1944 instar
794 1877 944 1959 habeant,
976 1879 1053 1968 quid

57 1977 144 2041 mihi
165 1990 298 2044 osteum
322 1980 446 2061 illis,
437 1995 576 2070 ipsarum
599 1980 803 2099 pulchritudo
819 2007 907 2099 ‘quae
933 1982 1049 2046 naaliem

15 2162 20 2168 ᾗ
58 2081 220 2164 innitatur,
242 2084 319 2173 quid
332 2087 369 2149 ad
385 2080 459 2149 mo?
479 2099 575 2158 (sinor
590 2101 673 2162 mea)
688 2109 761 2150 cum
780 2086 842 2151 auis
859 2085 928 2149 albo
945 2085 1051 2150 colore

52 2184 215 2267 vestibus,
252 2210 326 2253 cum
352 2212 408 2253 suo
433 2190 526 2255 viridi
552 2189 665 2265 velo(
650 2188 788 2280 (vilique
808 2188 939 2267 habitu>
971 2188 1051 2254 mihi

57 2288 133 2354 satis
151 2311 215 2355 esse
235 2303 337 2380 potest
352 2305 390 2358 ut
403 2293 537 2359 beate
507 2319 618 2359 vivam.

122 2395 220 2461 Extra
238 2408 361 2486 portam
377 2397 464 2464 urhis
483 2398 628 2463 turritam
646 2408 719 2461 sunt
735 2395 882 2461 mulieres
898 2420 978 2486 quae
998 2398 1050 2462 flo-

56 2499 105 2564 ris
126 2500 277 2565 adinstar
298 2501 547 2591 (pulchritudine
563 2512 755 2593 praestant)3
788 2496 873 2567 floris
894 2500 968 2566 licet
988 2500 1051 2566 sint
1092 2494 1097 2505 ’

56 2598 200 2691 similes3
224 2605 369 2670 mulieres
391 2605 458 2694 ejus
480 2605 564 2671 modi
585 2606 660 2697 quid
686 2606 724 2670 ad
748 2599 824 2670 me?
856 2603 945 2667 Uxor
971 2628 1049 2686 mea,

56 2720 159 2774 vestes
180 2707 284 2790 albas,
319 2721 373 2773 aut
396 2709 492 2775 herba
515 2708 666 2775 Yon-lu
685 2709 794 2773 tinctas
816 2719 914 2773 restes
938 2706 1048 2772 induat
1096 2714 1099 2723 '

56 2812 135 2876 licet
145 2858 157 2893 ,
190 2813 261 2878 satis
286 2836 350 2879 esso
377 2825 477 2902 potest
499 2826 536 2878 ut
561 2837 622 2905 ego
641 2837 714 2879 cum
741 2813 808 2902 ipat
837 2810 931 2877 simul
957 2810 1045 2879 beate
1082 2829 1086 2842 ‘

56 2941 173 2983 sltem.

457 3003 567 3070 Ode
611 3011 773 3081 παίων

123 3126 211 3189 Rure
233 3136 306 3190 sunt
325 3124 448 3213 plantae
474 3150 553 3215 quae
576 3126 665 3191 humi
689 3123 749 3190 late
772 3132 922 3213 serpunt3
948 3119 1048 3184 multo

55 3252 131 3294 rore
146 3229 294 3319 guttatim
307 3252 489 3321 conspersae
502 3230 627 3304 naicant.
653 3226 888 3293 pulchritudine
901 3234 1045 3313 praestat,

55 3335 149 3420 cujus
162 3354 277 3399 nornen
291 3344 385 3417 taceo,
402 3333 496 3421 hujus
515 3333 680 3424 supercilia
696 3333 788 3423 plena
803 3332 921 3397 decore.
945 3330 1046 3397 Ambo

56 3437 278 3518 convenimus,
309 3461 373 3502 non
399 3449 501 3505 tamen
521 3462 560 3503 ex
583 3438 744 3523 condict03
773 3435 904 3501 etmihi
927 3426 1047 3504 niorem

56 3541 164 3631 gessit.
578 3526 587 3561 ¹

122 3712 211 3780 Rure
232 3726 304 3779 sunt
326 3715 448 3803 plantae
465 3740 550 3806 quae
571 3714 661 3780 humi
685 3709 745 3778 late
772 3725 919 3803 serpunt5
946 3715 1044 3779 multo
1086 3718 1089 3723 ’

56 3841 131 3891 rore
151 3816 298 3906 guttatim
316 3843 420 3909 sparso
441 3821 564 3885 micant.
595 3821 752 3886 Venustus
769 3830 814 3884 est
827 3822 915 3907 cujus
931 3842 1044 3891 nomen
1157 3907 1161 3913 ‚
