2370 4334
480 247 602 317 rma.
636 195 751 321 crea
845 325 854 336 f
959 198 963 217 ’

528 422 636 488 Ode
681 426 850 533 7897,
888 414 928 475 Η

127 543 369 614 “deseres
345 565 409 609 nvo
429 543 538 634 magni
560 543 624 610 siro
644 542 731 634 parci
760 541 907 609 rolando
923 566 1015 607 urum
1037 508 1121 606 Soti

121 631 215 714 Seu
237 648 442 739 ingeminant
478 646 535 715 elis
572 640 845 738 perstrepentibus.
922 637 986 712 Nos
1019 643 1118 727 exivi-

63 834 65 841 ?
123 774 212 835 mus,
254 751 316 817 iter
336 751 467 818 facimus
496 763 527 818 et
552 751 588 815 in
612 749 688 816 locis
719 750 845 816 desertis
879 748 1028 842 degentes
1060 749 1119 815 mi·

63 846 64 853 ἵ
126 878 226 922 seram
246 855 343 934 vitam
362 855 505 932 vivimus.
557 842 672 923 Nostra
699 856 842 920 omnium
871 876 953 923 sors
949 864 1005 920 est
1027 853 1119 921 mise
1148 917 1150 921 .

125 947 241 1045 ran'da'3
274 952 330 1025 sed
350 979 461 1025 eorum
482 952 537 1063 qui
558 950 738 1050 parentibus
760 958 823 1027 suis
845 957 928 1041 orbi
935 957 1009 1025 facti
1031 969 1118 1042 sunt,

125 1050 157 1128 st
178 1060 285 1139 earum
307 1047 387 1159 quae
403 1054 508 1167 virum
522 1086 614 1130 suum
632 1063 822 1148 amiserunt,
845 1064 914 1157 quis
930 1063 1034 1132 ricem
1049 1070 1119 1132 nou

125 1152 252 1234 doleat?

545 1280 702 1297 m

161 1358 331 1447 ¹Magnus
360 1382 449 1424 anser
481 1359 614 1425 volando
645 1359 747 1426 medio
780 1359 861 1424 lacui
894 1357 1023 1443 insidet3
1057 1382 1118 1422 nos

125 1461 283 1554 quiescere
304 1462 496 1553 'quaerentes
524 1454 583 1530 toti
612 1489 717 1530 sumus
747 1462 781 1529 in
809 1463 966 1553 erigendis
987 1486 1026 1527 ex
1046 1460 1123 1528 luto'

123 1560 313 1654 purletihus3
346 1578 376 1631 et
404 1566 439 1631 in
468 1572 725 1659 quantiscumque
759 1567 916 1633 laboribus
943 1574 1116 1647 verseniur,

125 1670 187 1733 erit
208 1668 335 1760 sortasse
356 1683 393 1735 ut
414 1672 504 1737 nobis
526 1674 683 1762 quiescere
706 1675 805 1738 detrrr.

542 1802 700 1814 -——-

67 1894 70 1911 ι
162 1886 169 1903 ¹
187 1860 327 1950 Magnus
341 1884 431 1925 anser
449 1862 581 1926 rolando
600 1885 671 1928 suos
689 1863 751 1927 edit
763 1854 897 1952 gemitus
913 1875 945 1928 et
961 1865 1117 1954 gemendo

124 1986 218 2029 cuum
237 1963 334 2029 Hac·
343 1963 445 2029 keo
436 1948 617 2057 ingeminat.
649 1966 716 2039 uui
727 1990 835 2032 rerum
848 1966 1015 2055 prudentia
1027 1990 1119 2058 prae·

124 2077 201 2149 atat,
230 2066 284 2132 hic
305 2067 408 2134 solus
409 2092 460 2134 me
481 2071 635 2144 (carusius
654 2071 862 2156 canentem)
852 2096 886 2136 m
907 2094 1053 2138 moerore
1073 2072 1118 2158 ju-

41 2173 45 2185 '
124 2195 195 2237 cere
224 2171 276 2238 ait
328 2173 392 2245 uui
421 2186 525 2240 autem
554 2174 716 2265 imperitus
747 2187 811 2257 est,
846 2188 877 2240 et
905 2175 985 2240 male
1012 2198 1117 2258 sanus,

14 2319 15 2323 =
126 2275 209 2351 solus
228 2276 283 2341 ille
299 2302 348 2344 me
371 2278 437 2352 (ita
453 2290 637 2356 currentem)
661 2279 875 2346 ostentationis
898 2292 928 2346 et
946 2280 1118 2370 superbiae

126 2379 293 2459 insimulet.

532 2505 634 2570 ose
677 2472 816 2623 utel,

127 2692 128 2696 ,
163 2656 167 2669 *-
188 2624 258 2688 Jam
285 2625 384 2689 noctis
413 2638 573 2715 quantum.
585 2628 736 2717 processit
767 2622 945 2716 temporis?
975 2631 1119 2697 nondum

124 2749 188 2790 nox
203 2728 302 2791 media
321 2729 418 2794 datur.
451 2731 537 2803 Quae
559 2732 592 2795 in
607 2732 686 2795 atrio
706 2743 779 2796 sunt
799 2732 879 2796 faces
899 2733 1003 2797 lumen
1024 2757 1119 2799 suum

124 2829 280 2896 emittunt.
310 2831 474 2920 Sapientes.
485 2835 546 2903 viri
565 2836 696 2900 veniunt
701 2885 712 2916 ,
733 2848 875 2925 strepunt
896 2836 1117 2919 tintinnubula‚

125 2943 272 2999 etsuum
288 2936 600 3031 Triang÷tsiang
618 2941 820 3031 ingeminent.

188 3128 257 3191 Jam
273 3129 372 3193 noctis
385 3140 537 3221 quantumi
550 3131 699 3220 processit
713 3127 883 3221 temporis?
900 3132 961 3219 jam
979 3144 1117 3220 praeter·

124 3230 163 3296 iit
189 3232 289 3299 media
315 3256 378 3297 nox
390 3281 401 3315 ,
439 3237 570 3299 necdum
598 3237 739 3301 adventet
759 3236 898 3325 primum
931 3235 1117 3318 diluculum,

125 3335 188 3422 jam
211 3362 289 3427 quae
313 3338 347 3402 in
365 3339 444 3403 atrio
467 3352 538 3404 sunt
559 3339 639 3403 faces
660 3340 760 3403 lucem
786 3340 910 3404 dubiam
936 3344 1018 3405 dant.
1064 3340 1117 3405 Sa-

115 3438 244 3527 .pientes
265 3442 325 3504 viri
348 3444 530 3523 adveniunt,
567 3444 774 3507 tintinnabula
796 3456 999 3532 constrepunt
1024 3456 1117 3508 etex

125 3545 257 3630 strepitu
277 3546 424 3635 arguitur
442 3547 527 3636 ipso's'
543 3570 607 3611 nou
628 3545 722 3638 longe
745 3548 856 3612 abesse.
931 3576 934 3581 ·

187 3733 255 3797 Jam
273 3737 372 3800 noctis
395 3750 544 3826 quantum
561 3739 712 3826 processit
733 3735 908 3831 temporis?
927 3739 989 3804 dies
1004 3739 1118 3800 adven·

124 3847 185 3922 tat3
211 3861 288 3926 quao
310 3839 342 3902 in
358 3841 438 3904 atrio
459 3855 530 3908 sunt
551 3841 665 3913 lucium
684 3843 789 3908 tamen
807 3847 873 3931 jann
887 3845 992 3909 album
1012 3840 1117 3911 induit
