2370 4334
100 116 140 178 st
447 115 521 178 Petu
540 114 560 178 l.
602 114 673 180 Car.
695 126 723 186 7.
792 147 795 152 ·

160 282 189 346 0
209 281 465 374 'l'cltong-tsee
482 287 566 375 quod
580 297 611 352 te
629 310 701 368 oro,
723 286 781 350 ah!
803 287 868 351 noli
882 285 989 351 hortit

96 398 220 475 septum
237 387 383 468 transire,
416 413 491 477 quas
514 390 720 479 plantavimus
742 392 866 454 arbores
887 391 973 454 Tan

96 513 173 580 gere
191 490 318 554 abstine.
364 493 527 563 Quomodo
552 505 583 558 te
609 494 707 559 ausim
734 491 865 558 amare?
904 493 965 560 Sed
986 508 989 552 t

95 617 138 658 ne
152 592 207 657 alii
218 593 311 684 plura
328 618 422 684 quem
438 595 554 677 vellem
567 596 742 687 loquantur.
764 597 794 662 0
811 579 941 663 Tchon
947 623 985 689 g-

95 708 254 763 tirtecum
269 703 389 789 reputa.
434 699 606 767 Hominum
622 724 776 768 sermones
797 702 909 767 nimios
930 714 989 767 cert

95 802 158 875 reri
176 803 279 868 debeo.
456 864 459 869 .

323 903 327 909 '
498 890 603 957 O-de
646 895 724 1007 ὂψ,
762 900 767 917 '
899 898 901 909 '

159 1008 273 1074 Chou
291 1011 361 1084 (vir
382 1011 569 1101 primarius)
589 1012 653 1077 exit
670 1023 815 1078 venatum
837 1023 868 1076 et
885 1036 979 1077 nemo

94 1113 129 1177 iu
156 1137 259 1204 pago3
296 1115 449 1205 numquid
471 1134 563 1180 nemo
590 1112 700 1182 adest?
740 1117 785 1180 lbi
811 1119 920 1181 adsunt
943 1141 987 1206 qu

94 1218 147 1283 sed
164 1241 236 1282 cum
252 1216 357 1284 Chou
369 1220 452 1293 (viro
465 1219 632 1308 primario)
649 1221 778 1284 minime
796 1233 867 1285 sunt
884 1220 989 1285 confer

94 1332 196 1386 tantus
214 1332 259 1386 est
277 1320 372 1411 hujus
391 1322 454 1387 oris
472 1322 631 1412 splendor,
655 1335 740 1389 tanta
760 1324 913 1414 probitas,
935 1323 989 1387 ben

96 1436 139 1489 tas
161 1436 252 1491 tante.
469 1498 472 1503 ,
536 1500 541 1511 Δ
566 1499 569 1506 ,
621 1500 635 1517 ῃ

159 1526 262 1593 Chou
279 1529 344 1593 exit
364 1542 510 1596 venenam
532 1542 564 1595 ot
585 1554 676 1595 nemo
697 1543 742 1596 est
762 1532 892 1622 inpage
911 1533 989 1620 quil

93 1632 253 1720 Numquid
271 1655 363 1696 nemo
382 1645 429 1697 est
446 1635 501 1724 qui
520 1629 632 1698 bibat?
654 1635 734 1699 Sunt
750 1635 875 1724 quidem
889 1636 944 1725 qui
961 1637 989 1701 hi

93 1736 145 1801 sed
164 1742 357 1802 cum'nostro
379 1735 492 1802 Chou
515 1736 644 1803 minime
661 1750 734 1803 sunt
751 1738 938 1806 conferendi.
975 1742 989 1807 'l

94 1851 139 1905 est
155 1837 249 1926 hujus
266 1839 329 1906 oris
344 1840 496 1932 dignitas,
519 1852 623 1906 tantus
640 1843 740 1906 decor.

160 1943 265 2009 Chou
284 1944 310 2009 it
323 1966 376 2009 rus
394 1966 496 2035 neque
519 1944 552 2009 in
574 1969 656 2036 pago
674 1947 739 2034 jam
757 1959 829 2012 sunt
852 1947 907 2035 qui
927 1970 989 2036 equ

43 2137 45 2141 Ι
94 2049 255 2140 Numquid
272 2070 386 2116 revera
400 2072 494 2114 nemo
515 2061 560 2115 est
584 2049 639 2141 qui
663 2046 807 2140 equitet?
843 2051 923 2116 Sunt
942 2077 989 2142 (pr

93 2156 145 2219 sed
165 2151 366 2221 cum10hou
391 2165 498 2219 nostro
522 2154 653 2220 minimo
677 2166 750 2220 sunt
771 2153 948 2222 conferendi
956 2183 973 2242 3·

94 2269 139 2323 est
156 2258 250 2346 hujus
272 2257 335 2325 orit
355 2269 515 2340 venustas,
540 2269 643 2324 tantm
663 2259 819 2350 splendor.

488 2361 596 2428 0th
638 2374 668 2439 4.
683 2390 733 2475 91,
838 2396 842 2403 ’
919 2381 922 2393 “

157 2463 262 2530 Ghou
279 2464 344 2540 (vir
356 2465 539 2555 primarius)
556 2465 582 2530 it
591 2477 754 2550 venatum3
771 2467 921 2556 quadriga
936 2465 989 2532 vel

94 2570 204 2633 currfis
224 2568 291 2633 lora
311 2569 346 2644 in
362 2570 428 2658 ejus
445 2567 606 2649 manibus,
634 2564 715 2632 sicut
731 2569 828 2635 serica
847 2570 916 2651 fila,
939 2568 984 2635 ita

94 2672 136 2736 lia
153 2670 243 2737 fiunt.
296 2672 361 2745 Qui
390 2672 498 2741 currui
523 2674 705 2763 junguntur
728 2673 789 2739 duo
818 2673 908 2764 equi,
943 2673 989 2738 lor

94 2789 216 2843 temone
237 2774 313 2863 hinc
339 2774 410 2842 inde
436 2776 553 2858 distiti,
579 2775 670 2866 quasi·
687 2775 813 2841 choreas
831 2770 989 2867 agendo'n

93 2872 363 2945 latim-incedunt.
398 2878 520 2944 'Chou
543 2891 650 2945 noster
672 2877 708 2944 in
730 2878 800 2946 loco
821 2879 925 2946 herbis
944 2904 989 2946 scs

93 2995 248 3064 versatam,
282 2982 465 3073 time'ignes
486 2983 641 3066 accendit,
664 2983 858 3073 ‘flammaque
880 2984 989 3074 undiqt

93 3085 161 3154 mul
181 3085 323 3177 exsurgit
339 3098 372 3151 et
389 3086 491 3152 fertur
507 3086 541 3153 in
561 3097 640 3153 atra.
673 3089 794 3153 Nudato
809 3098 933 3177 pectore
949 3088 989 3178 aig

94 3188 311 3282 complectitur
338 3214 413 3280 quas
433 3191 468 3256 in
492 3191 644 3284 principis
664 3192 750 3256 aedes
775 3191 872 3257 defert
892 3203 924 3256 et
940 3192 989 3283 pri

93 3297 193 3359 offert.
232 3294 280 3361 ‘At
294 3292 360 3359 noli
376 3295 421 3363 sic
441 3295 628 3386 proludere3
648 3294 820 3363 timendum
839 3319 879 3362 ne
896 3297 989 3362 damn

93 3398 127 3464 id
146 3397 208 3464 fiat
627 3420 628 3425 ’
705 3439 709 3445 ·

100 3536 103 3543 ·
157 3500 263 3566 Chou
284 3501 491 3584 itrenatum,
518 3501 605 3592 equis
620 3503 921 3592 'quatuoriehitum
942 3528 989 3594 qm

93 3607 156 3671 duo
173 3603 207 3668 in
223 3603 335 3669 medio
348 3606 489 3670 tractorii
510 3603 671 3671 altitudine
692 3618 723 3672 et
742 3607 957 3697 magnitudine
980 3609 989 3671 i

93 3732 147 3803 nes
169 3705 278 3774 currui
296 3709 494 3798 junguntum
520 3710 584 3779 duo
603 3709 748 3799 alii'equi
769 3712 923 3798 adjutores
943 3713 981 3778 ad
