2370 4334
121 630 124 635 ’
251 631 450 693 emortuo
469 582 715 693 samaraeus
733 632 917 694 morant.
1031 652 1077 701 ost

92 932 203 1034 Bene
225 956 340 1028 refert
357 957 466 1029 Pater
484 957 657 1052 couplet,
673 958 715 1027 in
738 956 830 1027 lilsri
856 958 923 1054 qui
952 954 1081 1028 insonis'

89 1064 209 1134 bitur:
241 1061 638 1158 ConluciusSinarum
659 1061 920 1161 philosophus,
943 1085 1077 1155 prooe-

92 1167 197 1237 miali
224 1167 488 1255 declaratione,
509 1168 567 1238 ‘de
594 1166 705 1238 Chi·
720 1167 839 1275 lsin'g
851 1165 1080 1238 carminibus

91 1272 271 1342 disserens
305 1272 363 1341 his
394 1270 545 1342 verbis
580 1272 738 1343 Est..·..
764 1271 902 1342 horum
929 1270 1083 1364 poema·

90 1374 174 1447 tum
198 1398 333 1471 magna
356 1376 571 1466 auctoritas,
598 1388 636 1448 at
661 1373 777 1470 stylus
804 1368 890 1445 sane
916 1374 1081 1446 difficilis

92 1492 129 1550 et
155 1480 332 1550 obscurus
340 1506 352 1572 3
387 1479 598 1551 obscurum
620 1478 708 1551 lacit
738 1479 897 1551 brevitas
932 1502 1082 1574 semper

92 1583 274 1655 laconica·
291 1596 326 1654 et
354 1594 461 1679 saepe
476 1584 728 1679 metaphorica
741 1594 780 1654 et
796 1584 1000 1678 proverbiis
1019 1609 1081 1655 an·

92 1687 311 1782 tiquissimis
344 1700 471 1760 ornata
504 1700 573 1759 cto.
645 1690 694 1759 Et
725 1689 880 1782 quidem
913 1689 1081 1760 numeris

93 1793 218 1863 stricta
256 1793 376 1863 oratio
415 1812 650 1888 quocumque
680 1792 865 1864 ¹idiomate
902 1793 1082 1863 scribatur

93 1897 205 1990 longe
238 1908 292 1967 est
318 1897 509 1967 intellectu
535 1897 725 1967 diffieilior
752 1923 866 1993 quam
893 1898 958 1968 illa
985 1921 1081 1993 quae

94 2000 262 2071 numeris
289 2002 410 2071 soluta
437 2012 491 2071 est
513 2001 656 2092 oratioJ
680 2001 769 2095 quid
786 2003 903 2097 igitur
928 2003 974 2072 de
1000 2026 1079 2072 car-

94 2105 263 2174 minibus
290 2106 434 2193 Simois,
461 2106 499 2174 in
525 2118 627 2176 tanta
654 2106 810 2177 Sinensis
837 2106 984 2199 linguae
1011 2105 1082 2175 dif-

94 2210 256 2278 ficultate
280 2208 501 2280 dicendum?
539 2211 593 2280 Eo
613 2210 756 2281 accedat
776 2209 988 2304 Chi-king
1006 2233 1082 2281 car·

94 2313 241 2385 minum
261 2313 458 2409 singularia
478 2312 697 2386 obscuritas.
749 2315 829 2409 Ego
847 2314 970 2410 igitur,
998 2340 1089 2389 cum.

97 2420 260 2490 carmina
284 2420 350 2490 illa
375 2418 491 2490 latino
517 2418 697 2491 idiomate
724 2419 908 2492 reddenda
926 2420 1082 2493 medita·

81 2547 178 2612 rer,
206 2523 374 2594 laborem
400 2524 536 2594 viribus
561 2525 665 2596 meis*
680 2523 791 2621 longe
818 2522 1004 2621 majorem
1024 2551 1083 2595 su·

97 2629 236 2722 scipere
274 2622 365 2699 milri
398 2627 560 2699 videbar.
615 2630 727 2724 Quod
748 2641 882 2699 'tamen
912 2630 1008 2699 mihi
1034 2641 1083 2700 te·

95 2733 254 2803 meritati
284 2733 410 2809 minus
436 2744 581 2804 vertant
610 2734 742 2821 rolina,
783 2759 858 2803 non
887 2732 1008 2804 destiti
1035 2734 1082 2804 ab

40 2899 42 2913 .
95 2838 267 2931 incepto3
284 2838 331 2908 =et
355 2861 449 2933 quae
474 2846 625 2908 conatus
652 2862 757 2926 sum,
776 2836 972 2932 perfecisse
989 2839 1082 2909 mihi

98 2942 330 3037 aliquantum
359 2943 495 3012 videor.
556 2943 627 3014 Sed
661 2968 735 3037 qua
767 2954 911 3032 mente,
948 2943 1082 3038 quibus

97 3046 324 3143 adjumentis
357 3070 451 3140 opus
481 3059 556 3117 tam
595 3046 742 3118 difficile
778 3071 964 3142 aggressus
996 3048 1083 3135 sim,

97 3175 209 3245 quem
236 3151 502 3245 interpretandi
528 3151 687 3223 modum
709 3162 852 3224 secutus
872 3152 955 3239 sim,
981 3151 1084 3224 brevi

96 3255 230 3325 dicam.
1026 3268 1029 3273 '

176 3363 271 3431 Cum
299 3360 361 3430 hic
379 3360 506 3431 Pelsini
528 3360 718 3432 beneficiis
745 3359 860 3454 regiis
880 3359 1081 3451 alamuru

95 3464 312 3536 Ludovicus
350 3490 522 3560 magnus·
544 3466 636 3535 hanc
672 3476 836 3535 nostram
868 3465 1082 3538 missionem

95 3570 269 3665 gallicam
297 3570 337 3638 in
365 3570 459 3640 Sinis
488 3569 646 3640 erexerit
672 3592 717 3639 eo
746 3569 903 3639 consilio
931 3582 972 3645 ut
997 3571 1083 3642 mis·

97 3675 243 3747 sionasii
274 3674 394 3762 Galli,
434 3674 500 3767 qui
538 3674 574 3743 in
605 3673 749 3744 Sinensi
783 3668 891 3744 vinea
923 3670 1083 3744 Domini
1119 3701 1122 3707 ’

97 3803 253 3869 operam
274 3804 379 3851 suam
400 3779 601 3866 collocant,
629 3779 729 3850 horis
753 3779 940 3853 subcisivis
959 3779 1082 3848 ohser-
