2370 4334
170 256 249 343 't
369 230 822 309 'mffifflb'
1002 250 1064 312 Μ

70 368 238 499 'dynastiae
259 409 336 475 Hie
357 390 473 475 scilicet
492 409 662 500 imperator
676 411 726 498 ‘)‚
755 412 790 477 in
818 435 884 504 quo
911 424 1068 503 umqum

76 514 116 578 in
136 512 263 604 speculo
275 512 462 606 prospicere
482 515 642 605 potuisses.

402 666 405 671 ·
486 635 589 702 Ode
634 658 662 703 e.

137 755 221 845 xOris
244 755 358 847 species
380 768 410 822 et
431 757 510 822 retio
533 759 645 849 egendi
677 758 781 849 gravis
810 768 842 824 et
868 757 997 824 honeste
1025 768 1071 824 est

76 860 235 929 virtutum
257 861 449 926 conciliatrix
470 872 500 926 et
522 861 610 952 qussi
630 861 801 928 vinculum.
845 863 914 928 Vox
936 873 980 928 est
1000 886 1070 952 per-

25 960 33 966 ’
76 976 193 1054 vegete
214 964 298 1030 etin
320 989 374 1030 ore
395 965 559 1031 hominum
580 965 743 1057 frequens,
765 965 841 1051 heco
863 967 998 1032 scilicets
1028 990 1072 1030 se·

61 1068 171 1161 ‚piens
192 1067 241 1133 rel
263 1068 328 1158 ipse
351 1068 467 1159 desipit.
512 1070 628 1138 Omnes
650 1069 701 1145 (in
723 1070 843 1160 aliquo)
865 1070 1021 1162 desipiunt
1042 1080 1072 1134 et

79 1196 155 1237 suos
178 1173 306 1270 quisque
328 1174 464 1264 petimur
485 1200 608 1262 menes3
645 1175 696 1241 hic
724 1185 770 1239 est
799 1185 927 1238 neturee
949 1185 1071 1253 nostres

77 1277 220 1342 morbus.
266 1278 421 1366 Sapientia
441 1291 472 1344 et
494 1279 639 1361 stultitia,
661 1279 737 1345 heec
760 1277 884 1344 ducite
907 1276 1071 1360 contrarie,

79 1381 120 1444 in
139 1379 265 1447 homine
286 1380 369 1448 inter
390 1406 421 1448 se
442 1383 559 1475 puriter
582 1369 707 1450 certent.
789 1442 796 1450 .

150 1581 284 1648 Homine
307 1567 394 1647 nihil'
408 1585 524 1674 majus,
552 1582 606 1674 qui
629 1595 673 1651 est
693 1608 752 1675 pro
775 1581 945 1673 exemplari
970 1580 1003 1645 in
1025 1603 1091 1669 ro·¹

81 1709 159 1751 rum
180 1685 376 1753 universitate
398 1687 568 1777 proposito.
602 1687 709 1753 Virtus
732 1689 861 1780 egregie
883 1698 913 1752 et
935 1685 1072 1753 eminens

82 1788 228 1880 gentium
255 1791 395 1887 omnium
423 1790 543 1856 animos
575 1793 633 1857 sibi
664 1792 815 1860 conciliet.
871 1792 934 1863 Qui
960 1815 1074 1881 magne
1169 1799 1173 1805 '

82 1893 250 1975 meditetur
275 1918 332 1958 nec
360 1894 418 1959 sibi
448 1897 498 1960 sed
527 1895 609 1961 bono
635 1896 761 1987 publico
787 1895 921 1962 consulit
952 1892 1074 1958 consilii

83 1996 136 2062 sui
158 2009 262 2079 tenax,
293 1998 348 2087 qui
377 1998 410 2063 in
433 1998 538 2064 future
564 1998 728 2090 prospicit,
762 2011 792 2064 et
818 2002 885 2065 dete
914 1998 1074 2063 occasione

84 2108 221 2166 coeteros
251 2103 403 2192 supienter
432 2115 550 2185 monet,
584 2104 639 2194 qui
667 2102 800 2194 speciem
830 2125 905 2192 pree
933 2126 964 2167 se
992 2101 1075 2191 gerit

82 2193 243 2295 dignitatis
264 2206 405 2295 plenem,
428 2218 551 2287 cnutus,
573 2219 604 2272 et
625 2206 674 2272 sui
695 2206 844 2297 diligens,
866 2206 951 2273 hunc
965 2207 1074 2272 ducem

67 2308 189 2401 -sequi,
210 2307 326 2373 hunc
316 2306 432 2375 imitari
453 2313 597 2403 gaudent.

503 2439 659 2452 *-

153 2507 212 2573 Sed
226 2519 270 2591 tu,
292 2508 344 2574 cui
362 2509 514 2577 incumbit
533 2509 724 2602 reipublicae
745 2532 829 2591 cure,
851 2496 1075 2598 rempublicam

85 2634 232 2732 perverse
255 2613 353 2703 geris,
376 2614 480 2680 omnis
501 2615 623 2699 misces,
655 2615 766 2707 quibus
788 2625 922 2704 praestes
943 2610 1075 2690 dotibus,

29 2774 32 2779 Δ
85 2716 126 2781 iis
147 2715 181 2780 in
185 2716 320 2782 melum
340 2719 451 2800 uteris,
473 2730 503 2785 te
524 2719 599 2784 vino
621 2731 652 2784 et
673 2718 818 2810 crepulee
840 2716 944 2800 dedis3
966 2736 1021 2804 qur
1011 2710 1076 2776 lit

86 2830 127 2885 ut
155 2819 277 2887 libidini
311 2823 446 2889 serviens
481 2835 550 2889 tuos
587 2846 775 2888 successores
815 2819 896 2887 nibil
931 2812 1076 2910 cogites?

89 2924 208 2996 Quidni
232 2950 322 3016 reges
349 2938 552 2993 antecessores
575 2931 687 3012 (tuos)
713 2925 846 2991 consulis
869 2948 1004 3016 quorum
1026 2944 1076 2986 ve-

89 3028 189 3119 stigiis
202 3030 348 3119 insistes3
378 3041 408 3096 et
429 3058 523 3123 quem
547 3031 709 3124 regiminis
737 3030 869 3096 formem
890 3025 1077 3119 praecellen·

89 3144 154 3198 tem
175 3132 231 3198 tibi
252 3133 459 3216 tradiderunt,
481 3135 590 3227 quidni
611 3158 711 3205 serves
733 3147 764 3200 et
784 3127 920 3200 retines?

56 3386 59 3390 »
154 3334 335 3425 Augustum
355 3334 477 3400 coelum
497 3359 562 3401 non
582 3334 735 3402 fastidiose
758 3333 838 3425 egit,
869 3330 952 3419 qussd
973 3339 1075 3391 tfimfln

89 3437 190 3504 simile
212 3449 257 3503 est
278 3463 374 3529 nqeue
400 3439 544 3505 torrentis
575 3440 641 3525 (ite
671 3438 760 3505 focile
789 3435 886 3501 melos
915 3432 949 3497 in
971 3429 1075 3521 perni-

90 3543 170 3608 ciem
164 3543 328 3659 obripit)3
350 3542 384 3608 in
399 3542 457 3608 hec
469 3568 549 3649 eque
564 3545 789 3635 demerguntur
799 3550 830 3603 et
840 3547 981 3629 pereunt.
1004 3533 1076 3601 Sive

106 3762 176 3832 *)
194 3761 279 3817 llic·
269 3720 407 3835 -ousng
425 3781 505 3839 quem
522 3761 677 3834 Tobing·
686 3770 768 3831 tang
790 3757 952 3826 debellavit,
977 3760 1004 3810 et
1022 3752 1074 3808 tuit

197 3849 335 3923 dynastiae
353 3850 422 3906 llis
439 3853 558 3912 ultimus.
1086 3849 1088 3853 ⁴
