2370 4334
324 238 434 307 Nosse
455 259 487 304 m
508 238 625 305 emt
654 238 728 307 co.
745 250 776 311 δ.
989 250 1053 313 235

60 407 246 500 gravissim
273 432 364 476 osuse
393 434 412 476 e
438 395 561 502 legibus
589 411 787 503 praescripto.
838 411 929 479 Uxor
952 425 1056 511 sutem
1153 488 1156 493 ,

61 516 226 604 uunqsum
246 525 347 604 potest
367 538 440 581 oum
460 515 529 581 viro
550 515 652 582 fecere
672 540 728 605 per
748 539 781 581 se
802 517 980 584 divortium.
1018 514 1021 520 ⁴

101 608 104 615 ’
127 617 239 709 Fong
260 629 305 684 est
325 618 439 707 speeies
460 642 553 710 repso
574 619 672 711 vulgo
693 620 889 686 Men-lein.

128 721 223 806 Feei,
244 721 351 814 plenu
372 746 474 815 cresso
492 723 606 813 stipite,
627 723 712 791 loliis
733 724 837 816 spissis
859 737 890 792 et
910 724 1057 816 oblongis
1097 719 1099 724 ’

62 824 173 893 semu
340 848 345 861 ‘
688 854 692 861 ·

129 930 219 996 Tou
249 931 349 1022 vulgo
378 930 646 1023 Hiu-me·tsei
676 932 867 1021 'estxspeoies
898 932 1059 1001 eiohorese

63 1035 221 1127 sylvestris
242 1060 338 1125 quem
358 1035 514 1126 eolligunt
535 1047 566 1102 et
586 1038 761 1102 comedunt.
1001 1108 1004 1112 A

129 1140 160 1205 Τ
221 1139 284 1206 sive
306 1139 433 1205 Tsi-li
456 1152 500 1207 est
518 1140 625 1231 plante
645 1164 773 1229 repens,
801 1140 945 1230 spinoso,
967 1140 1066 1228 eujus

56 1243 181 1330 ‘semine
259 1244 344 1309 endis
365 1243 464 1309 oeulis
482 1256 554 1335 epte
574 1256 605 1311 et
626 1245 737 1312 edulio.

129 1346 256 1439 lting,
285 1347 386 1414 Ouei
405 1370 511 1414 amnes
533 1349 613 1435 du03
648 1347 743 1438 hujus
771 1356 869 1439 nqueo
898 1345 1056 1436 limpidae,

64 1451 152 1519 'illius
173 1464 275 1518 eutem
296 1453 458 1538 turbide03
493 1451 548 1517 ille
569 1453 604 1518 in
617 1451 711 1519 -huno
732 1453 876 1534 oonfluit,
908 1449 961 1516 hio
981 1474 1058 1518 vero

62 1555 100 1620 in
121 1556 251 1624 fluvium
266 1557 296 1620 H
302 1554 501 1647 oeng-ho3
517 1568 655 1646 uterque
676 1557 834 1648 originem
856 1580 944 1621 susm
963 1555 1057 1621 hebet

64 1660 99 1725 in
114 1661 275 1751 provincie
286 1659 489 1726 Chen-siet
507 1654 600 1725 suum
613 1684 730 1726 nomen
748 1661 918 1728 etiamnum
933 1660 1056 1727 retinet

457 1815 568 1882 Ode
615 1799 669 1883 11.-

128 1955 194 2022 lleo
216 1957 273 2021 odo
295 1954 454 2020 inducitur
469 1952 593 2044 quidem
603 1954 752 2044 regulum
772 1978 865 2020 suum
882 1952 1056 2046 prolisgum

63 2060 99 2125 in
120 2071 236 2146 extores
261 2059 407 2151 regiones
437 2069 559 2125 secretus
588 2081 723 2149 eumque
751 2058 915 2125 edhortens
943 2059 983 2125 ed
1007 2082 1055 2124 re-

62 2163 173 2229 ditum.

126 2266 268 2358 Regulus
293 2265 348 2332 ille
370 2277 436 2332 eret
456 2263 550 2356 regni
573 2263 622 2330 Li
641 2264 676 2331 in
700 2264 875 2335 Chen-si
894 2263 1056 2355 provincis
1103 2288 1113 2317 1

62 2370 164 2463 positi.
202 2372 305 2468 Hujus
323 2395 459 2461 regnum
481 2369 608 2435 berberi
626 2369 764 2436 boreales
783 2369 848 2435 sive
864 2367 992 2434 Terteri
1009 2369 1056 2433 in-

62 2486 221 2560 veserent3
252 2486 283 2540 et
311 2473 442 2566 regulus
470 2476 508 2539 ele
540 2473 619 2539 solio
647 2474 826 2554 denubstsss
852 2471 887 2541 in
918 2496 1056 2564 regnum

63 2578 168 2647 Ouei
188 2581 304 2669 dequo
322 2602 428 2668 supro,
451 2577 604 2670 confugit
993 2575 999 2585 ’

127 2683 258 2749 Berheri
289 2682 343 2747 elii
370 2685 481 2765 Men,
514 2682 567 2747 elii
592 2683 641 2785 X,
674 2681 729 2746 elii
752 2681 819 2762 Ti,
862 2681 916 2746 elii
939 2680 1057 2767 Yong

61 2785 145 2854 diest
196 2785 328 2852 Berhsri
354 2788 447 2852 Meu
477 2797 565 2852 erent
594 2785 759 2868 australes,
783 2758 886 2870 ver*
905 2795 992 2850 notes
1020 2782 1056 2847 in

61 2890 166 2957 fronte
187 2890 367 2983 imprimere
386 2889 542 2973 solebent,
575 2891 656 2956 veris
676 2891 805 2981 pedibus
828 2901 860 2956 et
883 2888 1055 2955 intumum

28 2994 31 3003 '
62 2994 230 3076 uenturus,
262 2992 355 3060 multi
374 3018 412 3058 ex
434 2993 496 3059 illis
517 2993 598 3059 nihil
621 2995 701 3060 coeti
714 2997 884 3061 ¹eomedere
904 2993 1052 3059 solebant.
1163 3004 1165 3015 ’

63 3097 177 3189 Populi
197 3098 231 3162 in
246 3095 490 3189 Tang-ling
515 3109 546 3191 et
571 3097 784 3192 Coohmqhine
810 3098 980 3164 etiamnum
1001 3120 1054 3162 vo·

16 3256 22 3268 .
62 3192 174 3268 centur
191 3202 306 3270 liieo-
317 3200 418 3284 tohi,
440 3201 556 3268 scilieet
568 3202 650 3267 veris
667 3202 797 3293 pedibus
808 3200 961 3266 homines.

126 3305 256 3374 Berberi
276 3306 306 3371 Y
325 3305 400 3372 dicti
419 3298 508 3372 erent
525 3305 705 3390 orientales,
727 3306 814 3371 nexis
834 3315 865 3368 et
884 3325 979 3392 supre
994 3300 1052 3366 hu-

61 3434 165 3475 meros
187 3410 391 3501 pendentibus
414 3409 550 3501 capillis,
570 3426 687 3500 'eorpus
705 3409 798 3477 seriis
812 3403 980 3498 pigmentis
1004 3406 1054 3470 de-

60 3514 193 3605 pingere
221 3513 378 3602 solebent3
413 3537 452 3579 ex
477 3513 540 3579 illis
571 3514 665 3580 multi
689 3522 778 3578 erent
806 3509 860 3601 qui
883 3508 964 3576 nihil
989 3510 1052 3577 nisi

58 3618 150 3683 orudi
170 3618 204 3682 in
224 3617 328 3683 cibum
349 3617 539 3684 edhiberent.

125 3720 255 3787 Bsrheri
273 3723 320 3788 Ti
338 3724 374 3787 de
392 3722 504 3813 quibus
523 3722 557 3787 in
573 3721 720 3802 becole,
741 3729 829 3784 erent
845 3717 993 3799 boreales,
1013 3742 1051 3782 ex

62 3826 167 3894 evium
184 3825 300 3917 plumis
314 3838 411 3894 vestes
429 3850 498 3893 sues
518 3824 739 3906 conficiebant,
760 3822 793 3891 in
814 3823 911 3891 entris
933 3823 1051 3890 subter·
