2370 4334
452 178 528 249 rm
543 180 577 245 1.·
597 178 669 277 Cer.
689 189 719 250 5.

404 400 407 405 ‚
492 351 523 421 Ο
543 354 566 419 d
584 376 606 423 e,
644 363 676 430 ι.

125 488 128 493 “
157 475 321 566 imperitus
350 474 476 566 quidem
503 474 639 541 sericum
662 473 725 540 tole
752 475 963 564 permutssitt
996 473 1087 540 vonis

93 579 220 670 quidem
237 603 301 643 non
317 580 400 670 quod
414 603 524 645 revere
542 578 677 644 sericum
694 589 873 669 permutare
891 577 1000 657 vellet,
1031 579 1085 642 sed

95 708 146 748 me
163 683 247 748 edire
270 694 300 747 et
320 707 371 747 me
388 706 503 777 rogere
521 682 631 751 voluit.
642 682 749 749 Eunti
767 706 869 747 cemes
881 681 936 762 ivi,
958 703 1085 746 emnem

95 787 149 854 iii
170 785 279 876 trajeci
302 798 332 852 et
345 788 382 853 sd
398 787 562 879 regionem
574 788 686 856 Tun·
700 786 792 875 Isiou
803 785 950 877 ‚perveni
962 831 966 838 ,
977 784 1087 853 Fidem

93 911 159 956 neu
180 888 311 974 rielsri,
343 892 392 955 sed
415 883 597 983 nuptiarum
617 891 718 981 perita
742 888 954 959 cercilictrice
981 889 1087 956 csruit
1110 924 1120 943 ·

95 993 170 1080 ille3
198 994 248 1059 illi
266 992 330 1059 di'xi
350 1007 387 1069 ιιι
407 1017 449 1060 ne
468 1006 680 1078 succenseret,
703 1007 889 1065 summnum
906 992 992 1060 enim
994 992 1089 1060 tem

95 1120 156 1189 pus
179 1098 387 1164 condixeram
513 1106 517 1112 '
971 1121 975 1124 ·

159 1202 287 1269 Ριιίιιίι
313 1200 427 1270 iuders
454 1204 628 1271 conscendo
639 1251 650 1287 ‚
686 1204 829 1284 undesin
855 1203 961 1270 lecum
991 1200 1090 1268 Fon-s
1127 1240 1129 1244 ·

95 1305 228 1375 Housn
250 1307 416 1403 conjiciam
436 1306 560 1390 oculos,
582 1309 634 1373 sed
652 1305 787 1390 frustm,
809 1330 874 1373 non
891 1317 1020 1399 sppsret
1043 1293 1091 1372 ic-

95 1434 150 1477 cus
156 1411 281 1505 ille,
258 1435 302 1477 sse
323 1412 358 1477 in
378 1396 470 1479 fletum
486 1434 627 1503 erumpo
670 1411 741 1477 Jem
762 1411 849 1476 locus
864 1422 1003 1502 sppsret,
1025 1433 1091 1501 ego

95 1497 183 1580 rideo
203 1527 235 1581 et
255 1539 344 1582 meus
359 1514 430 1582 telis
446 1527 496 1585 est
505 1538 627 1583 sermo·
651 1538 809 1636 sugnrsre
827 1527 879 1598 tu,
901 1513 1091 1581 testudinem

96 1628 128 1683 et
145 1617 277 1684 herbam
298 1619 401 1686 Tche
425 1619 539 1687 dictem
559 1622 597 1686 sd
615 1620 750 1712 auguris
772 1619 900 1705 sdhibe3
921 1618 983 1686 nist
972 1616 1091 1738 ¹quid·
1118 1692 1123 1698 ‚

95 1746 190 1813 quern
212 1723 252 1788 sit
274 1723 379 1790 minus
396 1724 497 1791 frusto
517 1723 633 1808 omine,
655 1747 785 1795 esurum
801 1722 990 1806 conscende,
1003 1722 1090 1807 veni,

95 1849 227 1919 meaque
243 1825 307 1893 sliu
328 1826 470 1894 transfer.

161 1930 251 1996 Mori
266 1926 354 1997 felis
359 1944 525 2024 antequem
537 1929 685 2035 decident,
707 1931 845 2019 jucundo
863 1940 935 1996 suut
951 1932 1089 2020 sspe'ctu.

96 2033 173 2099 Aris
190 2033 304 2116 ttiou,
318 2029 386 2103 eh!
408 2060 501 2129 perce
514 2059 602 2101 mors
592 2022 737 2101 fructus
752 2036 924 2100 comedere.
956 2033 1093 2125 Mulier,

98 2137 159 2204 ch!
183 2139 303 2205 noli
272 2165 343 2206 ιιιο
362 2139 546 2207 familiarius
563 2141 620 2206 uti.
671 2139 731 2205 Vir
753 2165 809 2229 qni
798 2139 976 2204 licentius
1000 2139 1116 2222 rivin·

96 2254 198 2333 potest
219 2243 319 2311 adhuc
339 2270 370 2312 se
391 2244 464 2311 inde
487 2245 659 2332 extric'sre3
693 2244 809 2310 mulier
828 2255 932 2309 sutem
952 2267 1032 2335 quse
1054 2243 1092 2309 li·

97 2348 223 2414 centius
236 2349 315 2417 vivit
332 2374 397 2415 uon
417 2361 518 2442 potest
538 2351 610 2416 inde
629 2373 660 2416 se
683 2347 837 2439 expedire.

161 2450 346 2519 Flerescunt
371 2455 455 2519 meri
482 2455 558 2520 folin
583 2467 613 2520 et
635 2453 787 2519 decidunt
832 2452 882 2516 Ex
905 2473 968 2540 quo
995 2451 1033 2516 sd
1061 2463 1093 2518 te

98 2553 192 2636 veni,
213 2564 276 2619 tres
295 2566 368 2619 sunt
389 2557 477 2639 suni,
505 2582 578 2623 cum
598 2558 633 2623 in
657 2557 757 2622 victus
777 2554 911 2646 penurid
932 2575 1042 2619 versor
1062 2567 1098 2620 et

98 2654 185 2722 victu
208 2656 331 2722 modico
354 2670 437 2725 utor.
483 2662 606 2735 Quibus
625 2662 771 2727 abunde
784 2658 884 2723 munis
906 2657 971 2738 iti,
1002 2657 1094 2748 equis

98 2759 224 2825 medefit
245 2784 384 2849 pannus,
407 2756 587 2859 qsrd⁴rhede
606 2762 854 2853 circumtegitur.
890 2760 1014 2827 'Officio
1034 2784 1094 2826 suo

98 2888 164 2928 non
181 2862 278 2929 defuit
288 2865 412 2949 mulier,
433 2869 488 2936 sed
503 2867 555 2932 vir
573 2867 650 2933 elios
668 2891 704 2932 sc
722 2867 848 2932 deberet
863 2866 964 2931 induit
976 2890 1092 2931 mores.

99 2966 159 3032 Vir
176 2967 302 3033 nullum
321 2971 450 3036 modum
469 2982 585 3054 servet,
608 2984 638 3037 et
656 2970 738 3049 nihil
759 2970 819 3035 sibi
838 2978 991 3051 constans,
1013 2969 1094 3036 elios

99 3095 138 3137 ex
158 3070 226 3136 eliis
244 3070 376 3139 induens
397 3074 516 3141 animos
532 3099 679 3167 perverse
703 3099 798 3166 cgere
819 3098 883 3138 non
901 3085 1004 3140 cesset.

163 3177 244 3242 Tres
265 3202 362 3245 runos
382 3177 431 3245 fui
447 3180 506 3244 tibi
523 3180 557 3244 in
577 3204 709 3247 uxorem
727 3190 757 3244 et
779 3178 826 3242 rei
848 3178 1030 3243 domesticae
1049 3176 1095 3243 ls-

99 3281 190 3345 bores
210 3281 295 3347 ultro
314 3282 349 3347 in
367 3308 417 3349 me
436 3284 566 3377 suscepi.
591 3284 675 3348 Bene
696 3307 785 3348 mene
805 3270 972 3373 surgebam
991 3293 1022 3346 et
1039 3281 1094 3348 vix

100 3396 191 3449 nocte
212 3386 349 3457 dormire
373 3388 510 3458 merbec
552 3386 645 3455 Dicte
666 3398 759 3466 (tus)
781 3385 897 3477 perfeci
917 3397 947 3450 et
973 3385 1007 3450 in
1030 3385 1117 3450 ires*

100 3498 196 3567 (tuns)
215 3490 320 3556 incidi
365 3492 489 3561 Fratres
510 3515 573 3556 mer
564 3491 697 3578 hujus
708 3492 755 3557 rei
779 3491 876 3560 nescii
899 3515 949 3554 me
972 3489 1100 3553 cavillis·

101 3603 132 3656 et
150 3593 217 3658 risu
234 3608 440 3706 exceperunt3
464 3619 617 3687 egerere
639 3597 722 3684 apud
743 3619 793 3661 me
818 3595 958 3685 cogitans
983 3593 1093 3667 delore

101 3697 235 3764 crucier.

516 3793 672 3807 Μ
