2370 4334
491 244 762 319 sennenn
856 322 865 333 ‚,

507 412 861 531 ΟιιὟοιιγ,
899 408 950 473 (Ἴ
1014 416 1060 463 ·:·

138 526 380 613 ·='·Anaares'
356 564 420 608 sue
440 541 550 633 magni
571 541 635 608 siro
655 539 743 632 porci
771 539 937 607 solando
934 563 1027 604 suum
1049 504 1133 603 sad

132 630 226 713 sisa
248 646 453 738 ingeminant
489 644 551 713 elis
583 640 856 736 perstrepentilm's.
933 636 997 710 Nos
1031 641 1180 737 exiri-1

75 834 76 839 ἵ
135 775 224 834 mus,
266 750 327 816 iter
348 750 479 816 facimus
507 762 538 816 et
564 750 599 814 in
623 747 700 814 locis
730 748 857 814 desertis
891 746 1039 839 degentes
1072 746 1130 812 mi

137 877 238 921 seram
258 855 354 932 vitem
374 854 517 931 vivimus.
569 842 683 921 Nostra
711 854 853 918 omnium
882 874 964 921 sors
960 862 1017 921 -est
1038 850 1131 917 mise·
1159 916 1161 923 ,

136 946 252 1044 rort'da3
286 952 341 1024 sed
361 978 472 1024 eorum
494 952 549 1061 qui
570 950 750 1048 parentibus
772 956 834 1025 suis
857 955 927 1023 orbi
947 954 1021 1023 faeti
1043 966 1131 1039 sunt,

137 1068 169 1127 et
189 1060 297 1127 esium
319 1046 398 1159 quae
414 1062 520 1165 virum
534 1084 625 1129 suum
643 1061 833 1146 amiserunt,
856 1061 925 1155 quis
942 1061 1045 1129 ricem
1062 1066 1131 1129 non'

137 1160 264 1233 doleat?

557 1278 713 1295 Ἣ

173 1357 342 1446 =Magnus
371 1381 461 1422 anser
492 1357 625 1423 volando
657 1357 758 1424 medio
791 1357 873 1422 lacui
905 1356 1035 1440 insidet3
1070 1378 1130 1420 nos

137 1460 295 1553 quiescere
316 1462 508 1552 ¹quaerentes
536 1462 595 1528 toti
624 1487 729 1528 sumus
759 1460 793 1527 in
821 1461 978 1551 erigendis
999 1483 1038 1524 ex
1059 1458 1135 1525 luto'

135 1564 325 1654 parietibus3
358 1577 388 1630 et
416 1565 450 1630 in
480 1570 737 1657 quantiscumque
771 1564 928 1630 laboribus
955 1572 1129 1644 versemur,

137 1669 199 1733 erit
220 1667 347 1759 fortasse
368 1681 406 1734 ut
425 1670 516 1736 nohis
538 1671 695 1760 quiescere
717 1673 816 1736 detur.

554 1800 712 1812 -——-

79 1892 82 1910 ι
175 1886 179 1899 ·
199 1859 340 1949 Magnus
353 1882 443 1925 anser
461 1860 593 1925 volendo
612 1884 683 1926 auos
701 1861 762 1927 edit
775 1852 909 1950 gemitus
925 1871 957 1926 et
974 1862 1130 1951 gemendo

136 1985 230 2028 suum
249 1962 346 2028 Heo-
355 1963 457 2028 kao
448 1962 629 2056 ingeminat.
660 1965 728 2037 uni
739 1988 847 2031 rerum
860 1965 1028 2053 prudentie
1040 1988 1131 2085 prae·

136 2076 213 2149 stat,
242 2065 295 2132 hic
317 2067 401 2133 solus
421 2091 472 2133 me
493 2069 647 2143 (oarnuna
666 2069 873 2154 canentem)
865 2094 898 2134 sn
919 2090 1066 2135 moerore
1088 2069 1131 2156 ja·

53 2172 57 2185 ’
136 2194 208 2236 cere
236 2171 288 2236 ait
340 2173 404 2243 Qui
433 2185 537 2238 autem
566 2172 728 2263 imperitus
759 2185 823 2255 est,
858 2185 889 2238 ot
917 2173 997 2238 male
1025 2138 1131 2256 sinus,

104 2297 107 2301 ·
137 2274 221 2340 solus
240 2275 295 2340 ille
311 2301 360 2343 me
383 2277 449 2351 (ito
466 2289 649 2354 ementem)
673 2277 887 2344 ostentationis
910 2289 940 2343 et
959 2278 1132 2368 superbiae

138 2379 306 2457 insnum
753 2421 755 2427 ,

544 2504 573 2569 o
593 2506 646 2569 ea
689 2506 720 2570 o.
739 2470 828 2621 ιρι,

176 2460 184 2505 Ι

200 2623 271 2687 dam
298 2623 396 2687 noctis
425 2636 585 2714 quantum.
598 2626 748 2715 prooessit
780 2618 958 2715 temporis?
987 2628 1133 2694 nondum

136 2749 200 2790 nox
215 2727 315 2791 media
333 2729 431 2793 datur.
463 2729 549 2801 Quae
571 2731 604 2793 in
620 2730 699 2794 atrio
719 2741 791 2794 sunt
811 2730 891 2794 faces
910 2729 1016 2794 lumen
1036 2754 1133 2797 suum

136 2829 293 2895 emittunt.
322 2830 559 2919 Sapientesviri
577 2834 724 2915 veniunt,
745 2846 887 2924 strepunt
909 2835 1131 2917 tintinnabulo,

137 2943 169 2998 et
190 2950 285 2998 'suum
301 2935 612 3029 Tsiang÷tsiang
630 2939 833 3029 ingeminant.

615 3050 619 3059 ι
675 3050 678 3059 ι

514 3076 519 3085 4
553 3069 708 3081 ...ηε-...-

201 3126 269 3190 Jam
286 3127 385 3191 noctis
397 3141 549 3219 quantun
563 3130 711 3218 processit
725 3125 896 3219 temporis?
912 3131 974 3216 jam
991 3114 1135 3218 praeter·¹

137 3229 175 3296 iit
201 3231 301 3299 media
327 3254 414 3313 nox,
452 3235 583 3298 necdum
611 3236 752 3298 adventat
773 3234 911 3323 primum
944 3233 1132 3316 diluculum,

137 3334 200 3421 jam
224 3362 301 3426 quae
325 3336 360 3400 in
378 3337 457 3401 atrio
479 3351 551 3402 sunt
572 3339 652 3402 faces
673 3338 773 3401 lucem
798 3337 923 3402 dubiam
949 3341 1031 3402 dant.
1078 3339 1132 3403 Sa-

128 3437 256 3526 ¹pientes
278 3441 339 3503 viri
360 3442 543 3521 adveniunt,
579 3441 786 3506 tintinnabula
809 3453 1012 3531 constrepunt
1037 3453 1070 3506 ot
1092 3466 1148 3506 ox‘

137 3544 269 3630 strepitu
290 3545 437 3634 arguitur
455 3546 540 3635 ipsos¹
556 3569 620 3610 non
640 3545 734 3636 longe
757 3547 868 3610 abesse.

200 3733 268 3797 dam
286 3736 385 3799 noctis
408 3749 557 3825 quantum
574 3738 725 3825 processit
746 3733 921 3829 temporis?
940 3737 1002 3803 dies
1017 3737 1133 3798 adven·

137 3847 198 3922 tat3
224 3861 301 3926 quae
322 3838 355 3902 in
371 3840 451 3903 atrio
472 3854 543 3906 sunt
564 3839 678 3907 saoi'um
697 3841 801 3906 iumen
820 3845 885 3929 jam
900 3843 1005 3907 album
1026 3839 1132 3910 induit
