2370 4334
117 240 181 300 sm
461 180 760 294 mmmm

120 422 178 468 ora
203 401 396 490 eompriine,
433 399 488 490 qui
516 400 550 463 in
575 397 709 488 populos
738 382 932 486 tyrannidem
956 406 1100 477 exercent,
1132 448 1159 485 ζ

119 528 232 571 eorum
247 504 344 570 frena
356 503 532 584 audaciam,
552 501 622 567 noli
638 501 763 592 populis
783 525 847 567 esse
863 501 973 566 labori.
1015 499 1140 567 Meri·-
1155 509 1179 524 ⁶

120 619 228 677 torum
248 621 376 680 luorum
391 618 422 674 at
442 607 668 673 exantlatorum
686 605 850 671 laborum
850 626 989 690 memor,
1019 605 1032 663 ἰ
1049 636 1088 663 ιι,
1148 643 1176 666 .-

83 749 95 773 κ
121 714 220 781 satori
237 712 336 778 fidelis
357 724 431 779 asto.

185 913 255 978 Jam
274 913 430 1004 populum
450 912 607 1003 quieaoere
626 923 749 1000 oportet
765 923 796 977 et
813 936 831 975 a
848 910 939 977 tantis
957 906 1182 975 aemmffis

123 1015 317 1108 aliquantum
332 1017 469 1082 recreari
485 1006 630 1107 opdrtet3·
650 1016 684 1079 in
701 1014 777 1079 haec
792 1015 877 1096 loca,
899 1014 955 1079 ubi
973 1016 1056 1092 sedes
1073 1019 1178 1076 est

123 1119 267 1211 imperii,
295 1119 444 1186 beneficia
467 1131 520 1186 tua
545 1119 672 1201 confer,
707 1130 737 1183 et
762 1119 849 1184 varia
869 1118 997 1207 imperii
1017 1135 1171 1208 regne

123 1226 194 1314 paci
215 1237 246 1291 et
266 1225 485 1316 tranquillitati
501 1224 601 1289 redde.
646 1223 798 1288 Subdolos
819 1234 850 1288 et
874 1221 1048 1288 adulatores
1075 1237 1168 1285 aar·

127 1328 224 1394 bitrio
244 1353 300 1394 suo
319 1330 498 1418 permittere
517 1327 600 1411 noli,
623 1312 822 1416 qu1modum
846 1351 912 1390 non
929 1324 1046 1391 hebent
1069 1339 1165 1388 eos

126 1417 277 1497 refraena.
308 1432 476 1522 Tyrannus
494 1443 526 1496 et
543 1431 577 1496 in
595 1430 743 1519 populum
760 1430 923 1495 latrocinia
940 1438 1163 1495 exercentes

126 1545 255 1616 coerce,
278 1559 367 1616 eave,
392 1559 431 1599 ne
453 1535 528 1600 mali
548 1560 626 1625 quae
648 1537 855 1617 meditantur,
886 1535 1014 1600 consilia
1029 1523 1161 1622 perfi

127 1639 228 1720 ciant,
252 1639 406 1703 decentiae
426 1651 456 1703 et
473 1640 577 1703 decori
597 1639 729 1730 diligens
748 1651 829 1721 esto,
851 1639 895 1704 sic
916 1638 1026 1706 virtuti
1043 1627 1159 1705 rici*

124 1763 184 1806 nus
202 1740 273 1822 fies,
296 1753 326 1805 et
343 1741 397 1805 illa
414 1742 470 1806 tihi
488 1743 547 1808 erit
564 1743 665 1809 brevis
681 1744 731 1810 via
750 1746 787 1808 ad
804 1743 961 1809 virtutem.

189 1942 258 2006 Jarn
282 1941 388 2031 populi
409 1952 454 2006 tot
475 1942 628 2032 tantisque
654 1943 809 2008 aerumnis
827 1943 1022 2033 aliquantum
1038 1942 1144 2007 lenas

81 2038 84 2043 ¹
125 2043 220 2111 minis
237 2045 342 2109 afferri
363 2070 418 2132 par
434 2057 487 2111 est.
527 2045 562 2111 ln
580 2044 655 2111 haec
673 2045 743 2111 loca
759 2048 815 2112 ubi
830 2049 912 2121 sedes
935 2058 981 2112 est
996 2039 1121 2134 imperii

22 2156 26 2163 ’
123 2145 277 2214 beneficia
295 2159 349 2213 tua
364 2149 488 2231 confer,
512 2161 542 2215 et
561 2173 579 2213 a
596 2150 709 2237 populo
729 2162 774 2216 tot
789 2150 869 2217 mala
886 2151 1013 2238 depelle.
1053 2151 1107 2215 Ho-

125 2253 225 2317 mines
243 2251 348 2319 vafros
373 2263 405 2325 et*
420 2252 593 2318 adulatores
617 2277 673 2317 suo
695 2253 826 2319 arbitrio
844 2255 1021 2340 permittere
1042 2253 1110 2335 noli,

127 2354 272 2421 homines
296 2379 399 2421 saeros
420 2369 451 2422 et
470 2356 608 2421 crudeles
624 2367 740 2421 coe'rce.
783 2358 846 2429 Qui
861 2358 894 2421 in
907 2359 1056 2446 populum
1072 2370 1110 2449 ty·

126 2459 288 2525 rannidem
314 2471 474 2541 exercent,
505 2484 557 2525 eos
579 2461 764 2548 comprime3
786 2462 829 2529 id
853 2486 911 2552 age
933 2487 975 2527 ne
997 2474 1112 2528 rectum

128 2573 253 2649 pereat3
290 2572 325 2626 tu
350 2562 523 2648 puerulus
527 2563 615 2645 licet,
646 2589 725 2652 quae
751 2565 820 2656 agis
842 2567 976 2633 maxima
998 2574 1115 2693 suntet

44 2758 49 2777 Ι
128 2665 322 2756 gratissima.

547 2759 701 2776 m

193 2864 303 2951 Populi
313 2866 405 2932 tantis
423 2866 513 2931 malis
527 2866 720 2956 aliquantum
734 2870 851 2936 mederi
861 2871 971 2956 debes3
993 2870 1029 2935 in
1046 2870 1118 2937 haee

131 2967 200 3033 loca
219 2968 275 3033 uhi
300 2970 383 3034 sedes
406 2983 452 3037 est
477 2966 599 3060 imperii
617 2972 842 3063 benignitatem
859 2974 981 3057 confer,
1012 2986 1045 3041 et
1066 2976 1131 3040 im·
1179 2974 1182 2979 ’

131 3071 215 3165 perii
234 3095 334 3164 regna
349 3073 443 3138 exitio
460 3075 559 3143 libera
575 3088 606 3141 et
620 3075 771 3144 immunia
786 3091 927 3165 praestes.
971 3079 1120 3145 Homines

131 3176 277 3243 subdolos
299 3189 331 3243 et
350 3177 523 3246 adulatores
541 3181 672 3247 arbitrio
691 3204 747 3246 suo
771 3180 948 3273 relinquere
966 3183 1054 3264 noli,
1075 3206 1122 3248 eo·
1167 3235 1170 3240 Α

27 3284 30 3295 “
132 3287 276 3348 timeatur
294 3283 475 3370 assentatio3
502 3283 642 3350 homines
661 3309 765 3352 saevos
786 3287 841 3377 qui
860 3287 895 3350 in
909 3285 1061 3374 populum
1077 3299 1123 3377 ty-

132 3387 295 3451 rannidem
317 3399 461 3456 exercent
485 3412 659 3477 compesee3
686 3389 718 3458 id
739 3415 798 3481 ago
823 3415 862 3455 ne
883 3402 1003 3455 rectum
1020 3401 1125 3479 pereat

134 3499 167 3552 et
195 3490 230 3554 in
263 3515 395 3578 pravum
419 3503 566 3559 mutetur.
621 3495 703 3559 Cum
729 3497 812 3584 apud
843 3496 1066 3582 imperatorem
1089 3496 1124 3560 in
1171 3490 1174 3505 2

123 3613 256 3657 summo
278 3594 317 3661 sis
332 3595 447 3682 pretio,
469 3595 513 3664 sio
531 3622 591 3690 ego
613 3609 643 3664 te
658 3597 800 3685 pluribus
820 3622 948 3666 monere
964 3610 997 3665 et
1012 3599 1126 3667 adhor-

132 3696 193 3763 tari
210 3721 276 3762 non
293 3699 409 3767 dadaito.
