2370 4334
104 223 126 281 8
290 227 297 237 ’
467 211 578 281 ΡιιιιῙ.
594 204 680 277 'em
702 221 730 280 2.

105 407 168 475 que
192 384 291 450 modis
317 384 474 452 distinctae
499 393 580 450 sunt
634 383 686 452 Ex
701 381 772 448 suls
796 381 947 472 principis
968 383 1098 449 domun

107 486 274 557 comesturi
292 489 440 568 redeunt,
466 512 560 578 quam
580 484 712 567 alacres,
738 511 831 576 qusm
849 485 978 553 elacres!
1060 533 1081 565 1

526 603 683 616 *η-

171 659 219 724 Ex
234 683 389 750 agnorum
410 642 544 749 pellibus
562 656 638 722 albis
653 668 749 722 vestes
768 656 872 722 sericis
885 644 947 721 filis
960 667 990 720 et
1008 658 1098 748 quin-

109 785 171 854 que
187 763 285 828 modis
306 775 450 828 consutus
466 773 547 827 sunt.
578 761 682 834 Quem
705 759 837 844 alacres,
856 785 950 850 quem
965 758 1098 829 alacres!

110 864 147 930 sx'
165 865 236 930 auld
249 866 399 957 principis
418 868 545 931 domum
563 865 600 930 ad
615 865 807 929 coenandum
820 866 959 930 redeunt
1025 882 1028 891 ·

101 1005 106 1012 ·
196 970 243 1034 Ex
263 992 418 1060 agnorum
436 968 570 1059 pellibus
589 979 646 1032 etc.
672 979 723 1042 (ut
742 968 860 1058 suprd)
979 1014 984 1023 s

7 1140 88 1247 (ii
169 1192 305 1265 Coelum
320 1206 406 1261 tonet
421 1196 457 1260 ad
473 1080 846 1261 tucidumdemrintiiillan·
852 1191 965 1258 chsn.
994 1193 1102 1265 Qusre

111 1294 186 1363 hinc
206 1293 323 1364 abiut?
367 1299 432 1370 Qut
446 1296 482 1362 fit
499 1308 535 1362 ut
555 1295 637 1362 nihil
659 1295 733 1361 lusio
753 1295 949 1390 relinquetur
970 1296 1036 1379 otii,
1051 1296 1102 1362 vir

112 1403 233 1492 stumna
252 1401 382 1482 virtute,
411 1401 517 1491 quidni
537 1394 664 1465 veniat?

177 1572 310 1637 Coelum
334 1583 421 1643 tonet
442 1597 459 1636 ιι
479 1572 574 1639 lutere
595 1572 718 1648 montis.
745 1573 850 1644 Quone
865 1571 940 1637 hinc
956 1572 1101 1654 discessit,

114 1677 171 1766 qul
188 1676 224 1741 fit
241 1688 277 1740 ut
295 1675 343 1739 illi
361 1678 519 1768 quiescere
544 1701 608 1742 non
631 1664 737 1759 detarr,
765 1675 958 1742 vir‘summd
977 1676 1102 1761 virtuts,

116 1779 224 1878 qsridni
238 1775 364 1846 venist⁹

529 1872 685 1888 *-

183 1951 316 2019 Ocelum
338 1963 425 2022 tonat
451 1954 489 2022 sd
517 1952 632 2025 redices
661 1953 783 2022 montis
834 1953 940 2026 Quare
958 1962 1015 2017 stc.
1035 1959 1105 2028 (ut

118 2069 243 2145 supra)

436 2152 439 2156 '
521 2142 625 2210 Ode
669 2126 773 2232 9·le

193 2263 301 2329 Pruni
319 2264 408 2329 Mei
428 2264 524 2330 dictes
545 2287 582 2330 ex
603 2265 715 2332 arbore
744 2264 939 2345 decidenmt,
977 2239 1046 2328 necv
1058 2284 1105 2328 su·

118 2378 250 2456 pereunt
266 2367 301 2432 in
319 2367 482 2432 arbore
451 2369 511 2437 msi
531 2380 656 2458 septem.
701 2369 777 2441 Qui
785 2392 835 2448 me
850 2367 961 2434 volunt
979 2365 1106 2448 axillis,

120 2470 259 2565 quisquis
279 2470 317 2535 sit
334 2471 524 2555 adolescens,
550 2473 639 2538 debet
656 2471 710 2537 ille
720 2496 771 2538 res
760 2463 991 2562 perficiendae
1005 2481 1107 2624 aptent

27 2581 38 2591 ’
120 2573 202 2638 diem
220 2593 378 2662 qnssrere.

121 2673 299 2744 Pruni
309 2674 350 2743 M
357 2694 402 2738 ssa
433 2696 471 2738 ex
495 2674 606 2743 arbore
633 2675 829 2758 decidenmt,
861 2700 919 2748 nec
941 2687 1123 2767 supersunt

121 2776 180 2849 nisi
199 2788 280 2864 trees
309 2777 364 2867 qui
382 2801 432 2846 me
453 2776 564 2845 volunt
577 2803 615 2849 ex
628 2779 690 2848 illis
705 2791 783 2859 etc
788 2791 839 2854 (ut
788 2793 972 2870 (.supre)

91 2888 97 2916 '
188 2879 305 2949 Prunis
321 2882 410 2945 M
369 2904 413 2946 ser
438 2905 476 2945 ex
506 2883 617 2950 erbore
643 2883 775 2950 excussis
810 2883 938 2974 implete
964 2895 1037 2949 sunt
1063 2907 1109 2950 ca·

122 2984 228 3054 nistre.
273 2984 336 3056 Qui
356 3008 406 3055 me
426 2985 538 3056 volunt
555 3011 593 3055 ex
606 2985 685 3071 illis,
710 2988 849 3079 qlaisqois
868 2989 907 3057 sit
925 2987 1125 3070 adolescens,

124 3087 205 3159 diem
221 3087 300 3159 dicet
315 3087 378 3160 ille.

495 3175 525 3241 Ο
544 3178 563 3242 d
584 3202 602 3243 e
647 3201 723 3244 ιο

99 3259 106 3268 i
189 3278 320 3346 Sidere
309 3303 344 3348 tn
356 3225 471 3349 coelo
459 3305 523 3368 Jsm
536 3280 606 3347 luce
627 3283 735 3366 dubie,
762 3293 823 3348 tros
841 3295 894 3348 sut
916 3282 1055 3375 quinque
1075 3283 1112 3349 ad

60 3410 65 3426 ι
125 3392 230 3450 ortum
255 3381 360 3454 stellae
355 3396 567 3477 apparent
562 3383 674 3453 Caute
695 3387 864 3456 incedimus
891 3398 982 3452 nocte
1004 3387 1113 3456 intem

126 3486 262 3574 pestive3
289 3511 416 3555 amnne
436 3490 473 3553 ad
494 3513 654 3580 vesperem
676 3491 812 3582 principi
838 3482 999 3562 adstamus
1042 3483 1116 3567 Alis

17 3584 23 3661 ζ
127 3611 232 3657 sumus
244 3591 324 3656 ntes
334 3591 532 3676 conditione,
558 3605 640 3661 sorte
657 3594 726 3660 alis

193 3692 330 3759 Stellse'
320 3721 382 3782 jem
397 3696 465 3760 luce
485 3698 593 3779 dubia,
619 3724 721 3790 neque
734 3701 768 3765 in
786 3699 898 3764 coelo
882 3725 954 3788 Ιιιιιιι
962 3700 1115 3790 appetent

2 3881 4 3887 Ι
127 3796 187 3867 nias
177 3795 307 3868 'Tsen
328 3811 358 3864 et
376 3799 466 3873 Meo
485 3801 539 3873 illa
557 3804 619 3876 duo
638 3803 745 3875 sidere
789 3807 952 3875 Nocturna
974 3815 1114 3895 tempore
