2370 4334
94 208 135 267 58
439 195 521 299 NPuts
538 189 567 256 Ι.Ἰ
606 192 676 257 Ctr.
697 204 726 260 7.

158 369 219 434 Vir
243 368 368 458 quidam
391 367 454 429 oris
478 366 630 455 dignitate
652 375 809 453 praestans
830 385 880 428 me
901 360 1089 452 expectabat

94 475 129 541 in
143 475 242 556 atri03
271 473 353 562 quod
372 495 444 534 eum
463 471 549 534 adire
570 462 741 548 noluerim,
769 468 801 534 id
815 465 878 533 sert
893 467 1089 557 aegerrime.

158 579 262 657 Lento
280 558 384 642 coiere
397 575 487 640 vestis
504 573 669 662 splendidis
683 573 818 637 vestibus
837 570 1066 661 superponitur
1077 578 1126 656 ;.'

94 682 187 749 restis
203 680 343 771 vulgaris
361 680 439 745 vesti
457 676 641 768 magnificae
661 679 843 767 imponitur.
889 675 1017 741 Chou·
1031 674 1090 756 hi,
1121 747 1129 759 .

96 785 207 851 Pe-hi
228 783 337 850 currui
357 784 461 871 junxit
481 807 595 873 equos,
621 805 671 847 me
690 782 724 847 in
741 805 838 848 curru
857 781 961 847 sedere
982 778 1090 877 voluit

95 901 127 959 et
146 888 240 955 sitnul
258 887 495 978 proficiscimur.

96 1051 102 1079 ὲ
163 994 268 1059 Lento
281 992 386 1058 colore
400 993 492 1060 vestis
509 1003 565 1057 etc.
592 1003 775 1081 (utsupra).

490 1095 597 1162 Ode
643 1097 690 1162 15.
714 1114 729 1179 l
779 1149 786 1172 .

163 1203 211 1267 Ad
225 1214 348 1290 portam
362 1201 448 1266 urbis
464 1195 647 1265 orientalem
660 1199 852 1289 complanata
866 1209 912 1263 est
920 1197 979 1263 ria.
999 1194 1103 1291 Plan·⁸

98 1319 131 1375 te
153 1301 255 1371 You·
268 1305 310 1370 lu
328 1307 416 1393 juncte
442 1304 526 1369 rivos
548 1305 665 1369 crescit.
709 1305 830 1368 Domus
843 1313 890 1367 est
906 1301 1037 1390 quidem
1055 1302 1094 1366 in

99 1410 232 1496 vicinia3
254 1411 306 1474 sed
323 1394 407 1475 domi
419 1409 564 1474 dominus
581 1407 762 1497 longissime
778 1407 870 1474 abest.

161 1514 210 1580 Ad
226 1525 348 1602 portem
364 1513 450 1577 urbis
466 1510 648 1577 orientalem
661 1525 733 1578 sunt
747 1525 903 1577 cestuneee
915 1504 1043 1576 irbores
1059 1523 1094 1577 et

100 1618 204 1682 variae
226 1619 312 1682 aedes
336 1617 414 1682 uliae
442 1640 480 1683 ex
504 1616 571 1680 aliis
595 1638 632 1681 ex
655 1617 763 1682 ordine
790 1616 907 1704 positae
925 1638 999 1681 cum
1025 1616 1092 1681 suis

101 1721 197 1785 atriis.
243 1722 405 1792 Quomodo
422 1733 529 1785 tenen
545 1715 705 1810 cogitem?
730 1720 840 1784 Sedtn
855 1744 905 1783 me
921 1720 1092 1801 convenire

102 1826 229 1891 tortasse
244 1848 308 1888 non
319 1823 375 1889 vis.

190 2006 193 2010 .
501 1928 603 1994 Ode
651 1929 698 1994 16.
729 1932 788 2046 ἦ),

168 2033 263 2099 Lenis
276 2034 329 2097 flet
341 2045 451 2096 ventus
466 2056 501 2096 ec
511 2033 612 2096 tenuis
623 2032 735 2096 decidit
746 2032 853 2096 imber.
863 2031 982 2104 {Gallus
995 2052 1095 2097 suum

104 2137 260 2207 ttie-tie
287 2148 397 2204 cantat.
452 2138 534 2202 Cum
559 2137 665 2201 virum
695 2122 865 2225 sapientem
890 2135 996 2203 videre
1025 2137 1092 2223 jum

103 2244 218 2323 detur}
235 2242 390 2332 quomodo
407 2265 496 2305 cures
518 2264 581 2305 non
601 2234 810 2329 deponerem?

89 2338 100 2365 ‘
170 2345 239 2410 Flu
263 2358 373 2411 ventus
399 2357 431 2412 et
458 2344 552 2411 simul
576 2343 689 2409 decidit
713 2342 832 2429 irnher3
864 2354 1038 2433 ventreque
1061 2356 1095 2410 et

106 2447 213 2539 pluvis
244 2471 336 2512 suum
371 2430 576 2511 Siaolsiao
604 2447 817 2538 ingeminant3
853 2447 958 2510 Gallus
984 2459 1093 2514 autem

105 2573 198 2616 tuum
221 2549 437 2615 Hito-tiao.
479 2550 565 2617 Cum
586 2551 651 2637 jam
671 2551 732 2614 viri
758 2551 903 2640 sepientis
924 2565 1095 2640 conspectu

106 2652 211 2737 fruar,
237 2654 392 2744 quomodo
407 2656 471 2741 jum
487 2678 551 2718 non
568 2653 647 2717 mihi
662 2652 740 2719 beno
759 2647 859 2717 esset?

172 2758 242 2822 Fiat
260 2771 386 2840 renuas,
408 2759 521 2824 decidit
540 2759 641 2837 hohor
665 2770 696 2825 et
716 2757 839 2823 coelum
856 2771 911 2832 est,
923 2759 1094 2824 tenebrico

30 2860 32 2865 ’
108 2885 186 2925 sum.
219 2862 325 2951 Usque
343 2872 444 2926 cantat
459 2860 571 2952 gallus.
604 2862 687 2927 Cum
700 2863 764 2949 jem
778 2861 840 2926 viri
859 2862 1002 2951 sapientis
1020 2887 1116 2949 con-„l

107 2976 216 3054 spectu
229 2962 334 3049 fruor,
354 2968 509 3057 quomodo
525 2990 588 3031 non
606 2965 800 3057 gauderem?

499 3069 608 3134 Ode
656 3094 704 3155 ¹t·
730 3062 803 3151 ΜΟ,
847 3129 855 3163 L

169 3171 241 3237 Viri
260 3170 354 3258 hujus
371 3184 469 3238 restes
490 3171 622 3237 limbum
639 3176 832 3263 superiorem
854 3164 968 3240 hebent
986 3175 1095 3266 nigro,

98 3278 202 3368 nigro
218 3276 339 3342 colores
374 3277 506 3343 Animus
524 3301 611 3343 meus
633 3279 667 3342 in
687 3279 884 3352 meditatione
905 3304 1003 3370 usque
1022 3280 1096 3344 defi·

108 3381 205 3469 gitur.
238 3383 398 3453 Quantum
416 3381 523 3464 video„
551 3405 610 3471 ego
628 3406 693 3446 non
712 3382 780 3468 iho;
806 3385 858 3448 sed
876 3384 1014 3472 quamvis
1029 3409 1096 3450 non
1129 3436 1132 3449 .

76 3505 78 3508 ’
108 3486 233 3565 radam,
252 3510 356 3551 nonne
374 3486 489 3576 poteris
507 3485 586 3551 mihi
599 3487 669 3551 dare
688 3483 860 3553 nuntium?

174 3588 292 3677 Nigri,
323 3589 416 3679 nigri
444 3594 522 3654 zond
549 3589 599 3654 vir
624 3589 679 3663 ilie
706 3590 855 3682 cingitur.
883 3592 1039 3656 ⁴Animus
1063 3594 1097 3656 in

110 3690 308 3765 meditatione
328 3718 425 3782 usque
442 3693 598 3783 defigitur.
618 3744 620 3751 .
644 3696 806 3765 Quantum
823 3696 911 3762 video
917 3744 928 3777 ,
951 3721 1099 3785 ego-non

36 3819 38 3823 ’
110 3795 178 3880 ibo3
204 3793 276 3859 licet
285 3807 389 3871 autem
403 3787 466 3861 non
484 3822 561 3880 eam,
586 3798 635 3863 vir
650 3799 706 3864 ille
719 3824 822 3876 nonne
838 3801 952 3889 poterit
963 3797 1096 3865 venire?
