2370 4334
419 233 494 298 Pae
507 230 556 296 111.
580 224 651 298 dte.
670 246 702 302 s.
1007 244 1069 306 aar

463 405 492 470 0
513 406 532 470 d
551 428 569 468 e
616 426 663 468 ro.
1067 416 1161 520 '002

144 527 213 605 lern
229 532 313 617 erga
333 537 390 591 noe
412 516 547 591 mutatus
568 536 614 590 est
637 527 678 592 ah
708 550 745 591 eo
766 500 822 619 qui
843 541 908 594 erat
930 538 1069 595 summus

43 630 187 697 l'erum
208 629 350 694 dominus
372 640 403 694 et
424 630 606 695 dominator.
628 631 697 694 Jam
718 630 805 720 plebs
826 630 951 714 infima,
974 648 1069 722 quain

42 734 219 799 waimis
242 744 355 822 potest,
377 734 571 805 conflictatur
591 734 732 800 miseriis.
756 737 926 855 Quidquid
935 738 1069 827 loquun-

44 830 162 900 bn
151 854 294 908 ansanum
317 848 362 914 eet
383 849 413 902 et
433 836 652 931 nefandum
641 863 704 927 Jam
726 837 856 907 futura
851 842 979 911 aninmo
996 866 1069 932 pro·

39 941 222 1029 &piciunt
265 940 411 1006 Nullus
401 966 462 1028 pern
484 954 611 1032 apparet
639 942 689 1008 vir
716 942 839 1032 integer
865 957 896 1011 et
919 944 1068 1035 sapientia

42 1054 280 1133 Praestent,
267 1044 319 1110 cui
340 1045 531 1162 innitamur,
554 1058 584 1111 et
605 1070 624 1115 a
644 1046 734 1112 nobis
755 1047 858 1115 exulat
879 1048 1015 1136 probitas
1036 1059 1069 1116 et

45 1145 161 1213 sides.
187 1148 287 1213 Cum
309 1148 387 1215 nihil
410 1148 469 1215 nisi
491 1172 635 1240 praesens
663 1162 694 1217 et
714 1130 840 1219 edvium
861 1151 1018 1217 attendant
1037 1161 1069 1216 et

48 1264 197 1317 :remota
217 1251 297 1318 nihil
317 1253 516 1342 provideant,
543 1265 626 1321 certe
648 1257 811 1322 tacendum
831 1279 897 1321 non
918 1264 985 1341 est,
1016 1255 1067 1320 aed

55 1357 168 1422 etiam
190 1367 280 1446 atque
303 1356 393 1424 etiam
413 1380 527 1426 moneo
550 1360 587 1425 ad
609 1381 686 1452 quos
708 1358 851 1451 pertinet.

495 1504 650 1519 m

140 1573 231 1641 Licet
251 1599 311 1665 ego
333 1573 395 1638 alio
418 1575 536 1639 avobis
551 1575 824 1668 munerefiingar,
846 1560 1072 1665 sumtastainen¹

66 1703 184 1744 omnes
212 1679 362 1745 amicitiae
391 1679 521 1744 uinculo
551 1679 724 1767 conjuncti,
755 1704 924 1771 omnesque
954 1702 1066 1769 pares3
1158 1683 1162 1692 '

76 1783 151 1873 quid
172 1782 271 1873 igitur
299 1807 354 1860 vos
375 1783 458 1846 bene
475 1806 604 1849 monens
626 1808 753 1873 operam
775 1787 857 1874 apud
879 1807 933 1850 vos
954 1785 1064 1872 perdo,

75 1899 105 1952 et
127 1912 206 1978 quae
228 1912 246 1950 a
261 1911 310 1951 me
323 1887 432 1951 auditis
446 1912 535 1974 parvl
526 1886 701 1976 penditis?
723 1913 801 1978 quae
813 1888 927 2006 loquor
938 1886 1066 1950 maximi

76 2003 147 2057 sunt
169 1990 334 2075 momenti,
366 1990 462 2054 nolite
484 1990 631 2076 irridere3
663 1990 740 2055 haec
768 2003 812 2056 est
833 1992 988 2078 majorum
1011 2012 1064 2052 no-

76 2106 211 2162 strorum
233 2119 293 2181 vpx
314 2093 514 2184 pervulgata:
538 2120 592 2185 qui
583 2088 741 2160 herdae
732 2119 766 2158 m
782 2093 920 2158 humeris
933 2104 1064 2182 gestant,

76 2200 156 2264 ah‘'
135 2222 173 2263 ns
193 2198 269 2279 (vili
290 2198 464 2265 conditione
487 2197 685 2273 hominibus)
670 2209 815 2289 )petero
837 2192 1002 2262 consilium
1023 2219 1064 2260 ne
1093 2244 1095 2249 .

76 2302 260 2397 dedigneris.

76 2504 79 2511 ·
137 2476 206 2543 Jarn
228 2499 246 2541 a
267 2475 354 2540 coelo
376 2474 517 2541 imminet
539 2474 707 2554 selonites,
739 2475 802 2562 jam
823 2496 888 2551 non
910 2485 956 2539 est
977 2472 1065 2539 locus

75 2579 150 2668 jocis
173 2590 203 2646 et
224 2579 313 2645 ludis.
347 2579 447 2655 Senes
467 2603 529 2670 ego
550 2602 623 2646 vera
643 2601 771 2660 moneo,
793 2581 938 2665 juventus
957 2589 1064 2642 autem
1106 2638 1112 2650 ,

76 2684 207 2773 superba
227 2707 277 2747 me
299 2695 474 2749 monentem
496 2683 806 2772 spernitetconsilia
826 2707 895 2746 mea
916 2680 1061 2770 explodit.

32 2864 35 2871 ι
75 2787 162 2853 Nihil
183 2811 243 2878 ego
266 2786 393 2870 delirop
409 2787 521 2853 siccine
542 2810 581 2850 ex
601 2799 694 2852 rebus
717 2789 790 2853 adeo
812 2786 948 2852 tristibus
970 2795 1062 2848 mate-

75 2893 155 2979 riam
175 2892 252 2956 risui
274 2903 304 2956 et
326 2891 399 2957 ludo
421 2887 593 2982 quaeritis?
615 2915 687 2956 cum
708 2891 781 2981 igne
803 2888 1064 2980 conflagraverint

74 2996 194 3078 omnia,
215 3007 281 3061 tum
301 2994 419 3061 frustra
438 2995 610 3063 remedium
632 3007 807 3089 quaeretur.
882 3071 884 3075 Α
1016 2974 1021 2991 ⁸

489 3124 646 3139 m

138 3198 236 3286 Prope
259 3208 320 3277 est,
346 3190 390 3273 ‘ut‘
409 3193 532 3260 coelum
560 3195 622 3260 iras
648 3219 716 3265 suas
747 3197 781 3261 in
809 3219 869 3262 nos
899 3203 1063 3273 exerceata
1158 3184 1160 3191 i

71 3303 136 3388 jam
157 3299 339 3392 magnificae
361 3298 556 3365 ostentationi
585 3312 641 3372 eut,
660 3300 804 3365 demissae
827 3293 993 3364 adulationi
1014 3293 1061 3356 lo

72 3427 128 3470 cus
150 3429 213 3468 non
234 3403 442 3495 relinquitur,
472 3427 549 3491 quae
580 3404 641 3469 duo
673 3404 747 3471 vitia
779 3427 815 3467 eo
848 3403 996 3464 devenere
1024 3408 1061 3465 ut

71 3508 244 3598 depravatis
265 3508 403 3572 moribus
425 3518 527 3573 rectus
549 3510 626 3574 ordo
647 3508 832 3585 invertatur,
861 3513 891 3566 et
913 3499 1060 3592 quisunt

25 3630 34 3642 ²
71 3611 133 3676 viri
154 3612 248 3692 boni,
275 3612 298 3676 ii
320 3623 391 3676 sunt
412 3611 526 3677 similes
553 3614 653 3701 puero
676 3610 751 3675 Chi
779 3609 813 3673 in
840 3605 1057 3697 parentalibus.

70 3715 214 3804 Suspirat
235 3727 266 3779 et
287 3715 383 3806 gemit
403 3716 559 3806 populus,
581 3728 611 3781 et
633 3715 667 3779 in
689 3724 804 3800 quanto
826 3735 985 3778 versemur
1007 3734 1058 3798 pe·
1152 3772 1160 3805 a

70 3819 172 3886 riculo
208 3819 364 3910 cogitans,
399 3820 439 3885 ab
469 3820 528 3889 hac
559 3818 747 3911 cogitatione
779 3815 896 3908 refugit
927 3814 1057 3883 minus·
1149 3808 1154 3827 ⁰
