2370 4334
31 289 36 306 ,
155 236 198 298 98
514 228 591 294 Pras
606 230 640 293 ll.
676 172 755 295 llil».
771 212 807 299 ts

155 399 239 497 curie
261 394 374 490 quibus
396 402 572 466 cruciamur
594 402 755 469 ebriorum
776 403 900 479 similes*-
913 420 1028 468 sumus.
1069 404 1152 476 Qui·

148 505 279 594 imperii
301 528 408 569 curam
429 506 581 570 sustinens
610 507 701 571 teutis
722 505 811 571 malis
806 506 956 600 imperii
976 505 1152 577 medetur?
1179 591 1181 594 y

151 608 189 672 Si
209 632 266 698 per
288 609 408 698 seipse
433 610 601 699 imperium
629 633 712 674 ιιοιι
719 590 832 701 regat,
858 622 890 674 et
910 610 1060 700 regimini
1081 635 1150 709 non

50 736 52 741 ’
153 711 311 776 incumbat
333 713 540 803 (imperator)
548 762 558 796 ,
525 712 733 805 >populi
724 739 758 779 ιιι
779 714 935 780 aerumnis
956 737 1056 804 usque
1078 704 1149 781 ver·

152 815 311 909 rabuntur.

569 913 724 928 m

15 1100 16 1104 ,
33 928 151 1105 2³06,
216 1017 295 1083 Altis
317 1019 488 1095 cervicibus
510 1005 583 1108 equi
604 1018 772 1108 quadrigae
793 1018 988 1108 junguntur,
1017 988 1049 1084 et
1071 1012 1158 1108 qua·

55 1123 58 1129 ’
147 1121 241 1212 driga
261 1133 374 1191 vectus·
388 1123 421 1186 iu
444 1121 581 1212 singulas
603 1132 703 1186 terrae
724 1120 832 1211 plagas
853 1132 1002 1188 converto
1024 1121 1145 1203 ortiles,

150 1227 266 1317 ubique
284 1237 356 1290 sunt
372 1223 548 1316 angustiae,
569 1248 672 1315 neque
689 1226 773 1292 ullus
790 1225 877 1290 locus
895 1236 955 1314 est,
977 1225 1033 1290 ubi
1055 1226 1145 1357 equis

150 1329 266 1452 possim
287 1329 466 1434 permittere
488 1328 631 1394 habenas.

213 1534 283 1598 Jam
304 1554 424 1595 summa
447 1541 493 1594 est
519 1527 655 1619 nequitia
681 1541 798 1610 vestra,
825 1531 888 1618 jam
918 1530 1076 1593 intervos
1098 1529 1144 1593 di»

148 1632 800 1750 gladiunini.llts1turbaealiquatenus
823 1636 985 1712 sedentur,
1008 1631 1143 1702 laetitiae

40 1769 62 1774 ’·
148 1761 204 1804 vos
235 1738 370 1818 traditis,
404 1737 517 1802 similes
550 1735 696 1816 illorum,
729 1737 783 1825 qui
812 1737 911 1800 sibi
902 1735 1035 1800 invicem
1069 1736 1142 1833 vina

147 1839 291 1910 fundunt

549 1930 728 1971 ι-ι-ιί

21 2091 31 2115 ·
212 2012 391 2130 Augustum
413 2011 535 2080 coelum
556 2013 619 2098 jam
641 2003 799 2101 aequitatis
820 2011 857 2076 fit
877 1998 1060 2075 immemor.-
1073 2011 1141 2108 ῌιι
1177 1984 1181 1999 ⁴

107 2154 110 2164 s
146 2110 252 2183 notter
273 2115 356 2182 curis
379 2117 521 2206 angitur.
567 2114 673 2201 Ipsum
693 2138 757 2178 non
779 2115 935 2204 poenitet,
964 2116 1062 2179 immo
1084 2116 1149 2206 qui

42 2284 45 2289 .
147 2221 233 2286 huuc
254 2230 396 2301 mouent,
429 2218 467 2284 iis
494 2229 670 2283 succenset
682 2229 805 2282 etcum
833 2219 907 2307 ipsis
930 2218 1020 2315 gerit
1033 2217 1144 2288 simul

54 2405 64 2429 l
147 2337 232 2390 tates.

209 2495 279 2582 Ego
309 2490 477 2557 ilia-fou
507 2492 582 2555 hacc
611 2492 710 2556 cecini
740 2482 885 2559 carmina,
930 2492 984 2556 Tu
1005 2493 1139 2584 veroin
1170 2517 1173 2523 ·

144 2596 266 2686 quantis
296 2595 451 2660 aerumnis
476 2605 620 2683 versetur
641 2595 810 2683 imperator
832 2596 966 2676 attende,
995 2594 1150 2677 animum=

68 2758 72 2782 ‚
144 2712 234 2766 tuum
255 2700 379 2780 excole,
398 2711 430 2763 et
453 2697 578 2787 imperii
599 2697 775 2763 facilitatem
796 2721 938 2788 procurc

551 2819 663 2885 Ode
706 2821 736 2884 8.
763 2765 899 2893 M.

95 2948 98 2955 ’
209 2926 327 2997 Quarta
349 2924 422 2988 anni
443 2922 602 2989 lunatione
631 2934 770 3017 tempore
795 2921 910 2986 aestivo
935 2904 1034 2988 multa
1055 2922 1135 2987 deci·

143 3030 187 3096 dit
207 3029 339 3120 pruina3
361 3051 448 3094 meus
470 3039 573 3092 autem
595 3026 678 3091 curis
700 3025 856 3112 crucietur
879 3025 1007 3091 enimus
1043 3023 1135 3108 Varii

142 3135 177 3200 iu
197 3132 313 3224 vulgus
335 3143 526 3248 sparguntur
547 3152 711 3215 rumores3
741 3152 824 3219 ego
824 3129 908 3194 solus
930 3126 1020 3193 tantis
1041 3129 1134 3195 malis

141 3261 284 3330 moveor,
317 3247 348 3300 et
368 3236 464 3300 animi
484 3254 610 3315 moeror
632 3220 781 3298 acerrime
802 3258 852 3297 me
874 3233 947 3298 urit.
992 3232 1027 3296 ln
1047 3256 1133 3297 moe
1170 3318 1172 3322 ,

72 3328 75 3338 Ρ
141 3367 214 3408 rore
235 3364 306 3407 meo
326 3338 466 3404 mihimet
495 3362 610 3404 cavere,
630 3349 776 3420 coactus,
803 3347 833 3401 et
861 3330 1132 3405 doloremmeum

140 3444 364 3540 pelamfacere
386 3467 450 3508 non
472 3465 577 3520 ausus,
606 3431 639 3504 in
662 3441 806 3504 morbum
828 3438 908 3505 forte
928 3440 1096 3506 incidam„
1131 3490 1135 3498 ,

206 3617 289 3688 Quid
311 3641 328 3680 a
349 3613 540 3704 parentibus
549 3635 638 3678 auras
666 3612 771 3677 vitales
794 3606 907 3676 hausi?
938 3611 1064 3693 ideone,
1094 3624 1131 3677 ut

24 3757 34 3793 ;
139 3721 173 3786 in
195 3719 270 3783 haec
291 3717 372 3815 mala
393 3712 592 3782 devenirem?
624 3741 719 3834 quare
747 3714 824 3779 haec
851 3737 927 3780 non
938 3712 1010 3780 sunt
1032 3715 1130 3782 aetate

40 3852 43 3858 ·
137 3844 220 3906 mea,
243 3833 296 3887 eut
311 3821 486 3908 superiora,
510 3832 561 3886 aut
575 3814 764 3910 posteriora,
787 3831 817 3887 et
833 3819 866 3884 in
885 3831 1011 3889 aetatem
1026 3843 1128 3884 meam
