2370 4334
349 238 647 340 ΝῐιιιιιιιιΡιιιῙ.Δ
670 239 789 308 eme.
843 272 850 304 ·.
919 250 926 274 s
1004 250 1068 311 258
1111 244 1115 251 ¹

142 410 192 479 oa
206 433 247 478 aa
267 411 399 478 nanae
419 412 464 478 aa
484 411 581 477 rasa
602 411 688 481 tuan
704 411 831 480 ιιι-ιι·
846 396 1019 483 erutas(

112 514 325 613 -,.Antiquitus
346 516 438 583 Sinae
460 517 509 582 vel
531 517 600 608 ipsi·
614 517 743 584 litteruti
765 518 909 610 sagittam
920 528 1073 589 etatum

74 629 209 685 tractm
232 620 364 686 studiose
384 620 558 707 discebant3
589 622 683 711 idque
711 622 746 687 in
771 645 861 688 more
882 634 948 688 erat
968 635 1005 688 ut
1025 645 1073 688 re·
1114 641 1117 647 '

74 747 150 794 cens
170 735 244 788 nato
266 748 366 815 puero
387 727 425 790 ad
446 725 530 792 dorni
550 725 653 791 valvas
675 738 836 793 aroum‘et
856 726 1050 817 sagittam
1023 749 1074 793 aa·

73 827 290 917 sponderent
281 853 315 892 ιιι
337 828 463 919 signum
479 853 585 895 recens
607 828 673 895 nati
693 829 849 897 tutum
840 855 875 896 ιιι
896 846 973 901 arcu
994 840 1072 896 trac·

25 962 34 973 ··
73 932 187 998 tando
184 931 381 1022 diligentiae.
431 933 638 1033 Disciplinam
659 932 827 1015 militarem
848 935 965 1000 serrari
986 957 1073 1000 cura·
1127 965 1131 972 ·

73 1033 151 1101 bant
166 1047 202 1102 et
223 1037 286 1101 dux
309 1035 463 1118 militurn,
484 1026 621 1101 milites
616 1056 689 1102 suos
706 1038 751 1104 ad
753 1038 967 1120 venationem,
990 1038 1073 1127 quod

75 1150 143 1206 erat
162 1139 346 1205 exercitium
357 1139 509 1224 militare,
525 1143 677 1223 ducendo,
700 1141 883 1227 attendebat,
906 1154 942 1207 ut
959 1141 1074 1207 militet

75 1242 250 1311 venationis
276 1243 405 1335 regulas
431 1244 496 1311 'rite
526 1256 700 1327 servarent,
733 1246 816 1310 unde
846 1189 941 1310 billi
950 1244 1072 1336 legibus

74 1371 186 1437 parere
208 1347 369 1414 discerent.
413 1347 556 1414 Multum
577 1349 741 1441 ponebant
755 1348 791 1415 in
806 1343 938 1415 'viribus
952 1348 1073 1430 militie,

75 1451 143 1538 ejus
164 1451 306 1541 corporis
327 1452 524 1535 dexteritate,
558 1465 589 1519 et
620 1453 757 1544 regendi·
784 1468 897 1525 aumas
928 1452 1072 1547 militaris

73 1553 207 1621 solertia.
236 1555 397 1620 Exercitus
419 1580 484 1621 non
505 1556 608 1621 solum
629 1559 768 1648 equitatu
790 1569 821 1625 et
842 1582 1004 1649 curruum*
1017 1580 1069 1646 ap-

72 1664 187 1750 paratu
207 1661 259 1724 sed
280 1659 417 1748 peditatu
441 1660 533 1725 etiarn
555 1661 721 1726 constabat.
765 1654 1065 1755 Reguliconfoede·

23 1822 25 1826 Α
72 1762 134 1829 rati
155 1763 193 1828 ad
213 1763 333 1828 bellum
346 1788 509 1830 commune
525 1767 701 1858 gerendum
717 1762 826 1833 foedus
841 1766 987 1833 ineuntes
1001 1756 1072 1855 jure

72 1867 205 1956 jurando
227 1866 319 1932 fidem
341 1864 428 1933 suam
450 1870 510 1933 sibi
532 1870 785 1961 obstringebant,
808 1873 940 1960 pecudes
960 1881 1070 1934 macta·

72 1971 166 2066 bant,
189 1972 373 2062 sanguinem
394 1973 550 2064 potabant
563 1986 594 2038 et
615 1975 804 2064 quicumque
826 1973 918 2038 fidem
939 1972 1070 2040 violatu-

72 2087 243 2156 uocaset,
244 2022 520 2165 D'precabantur
494 2101 523 2140 er
537 2076 684 2141 maximas
706 2101 819 2167 poenas
842 2103 859 2142 a
882 2102 1003 2142 summo
1022 2101 1069 2143 re
1144 2146 1152 2161 .

72 2180 301 2267 rumdomino
322 2179 392 2247 Deo
413 2181 605 2271 infligendas.
660 2179 850 2246 Formula
840 2183 918 2267 Juris
945 2179 1070 2268 jtrrandi
1110 2198 1112 2201 ’

71 2283 157 2374 quod
177 2285 382 2372 praestabant,
395 2297 514 2350 testem
535 2285 720 2375 appellando
741 2285 846 2349 Deum
869 2285 1069 2368 scribebatur,
1119 2356 1125 2369 .
1175 2316 1180 2321 ·

13 2406 18 2413 '
71 2386 262 2473 recitabatur
290 2400 323 2452 et
351 2390 600 2454 comburebatur.
633 2391 736 2453 Ante
765 2414 858 2478 quarn
887 2390 924 2454 ad
952 2386 1071 2457 bellum

72 2468 345 2582 proficiscerentur
368 2518 385 2555 a
406 2492 475 2556 Deo
498 2505 563 2558 erat
591 2493 781 2584 principium
812 2491 906 2574 belli,
939 2504 970 2557 et
990 2486 1070 2556 coeli
1093 2558 1094 2562 ,

73 2594 205 2658 domino
227 2595 413 2660 sacrificium
439 2596 565 2661 solenne
587 2598 765 2662 faciebant·
793 2597 898 2662 Causa·
913 2596 1071 2685 belli-'pro

78 2696 266 2788 imperatore
287 2698 472 2790 plerumque
484 2702 773 2788 'eratTartarorum
795 2712 826 2764 et
847 2700 980 2765 aliorum
1002 2699 1070 2762 bar-

71 2802 240 2882 barorum,
270 2803 320 2868 vel
343 2806 425 2894 quod
446 2804 576 2897 regulus
599 2805 722 2892 imperii
743 2805 922 2897 imperatori
944 2803 1069 2895 cliente

72 2905 136 2971 lam
152 2906 311 2996 profiteri,
334 2904 415 2973 etin
429 2908 531 2973 aulam
551 2907 692 3000 obsequii
709 2934 799 2974 causa
808 2909 916 2975 venire
928 2919 1067 2998 negaret.

31 3024 45 3035 ⁷
138 3010 256 3100 Reguli
279 3013 372 3076 etiam
393 3013 476 3077 inter
498 3036 529 3077 se
551 3014 669 3101 privata
697 3014 847 3104 gerebant
872 3012 954 3077 bella
987 3011 1068 3087 (talo

72 3118 119 3179 est
139 3113 259 3181 bellum
287 3118 324 3180 de
353 3141 415 3205 quo
444 3117 502 3182 hac
521 3119 603 3193 ode)
635 3118 708 3184 sire
730 3140 800 3182 cum
831 3117 978 3181 facultate
999 3115 1085 3178 sive·
1152 3142 1155 3147 ¹

10 3275 14 3281 .
70 3217 160 3283 nulla
188 3218 334 3285 facultate
361 3220 588 3310 imperatoris.¹
610 3221 786 3310 Aliquando
808 3222 979 3308 imperator
999 3217 1066 3306 ipse

20 3348 25 3399 ζ
72 3322 243 3388 exercitum
265 3324 420 3409 ducebat,
441 3324 607 3415 aliquando
628 3350 713 3407 non,
743 3337 818 3388 tunc
840 3325 949 3386 ducem
970 3320 1070 3386 aliurn

20 3442 23 3449 “
71 3426 224 3491 exercitui
245 3427 451 3515 praeficiebat,
475 3428 548 3493 alias
570 3429 737 3520 regulum,
769 3427 841 3491 alias
864 3425 981 3509 alium3
1011 3425 1066 3515 qui

70 3541 177 3595 autam
199 3532 237 3596 ab
258 3532 446 3621 imperatore
458 3534 628 3623 imperator
638 3533 793 3619 exercitus
805 3525 1065 3620 praeponebam,

71 3657 159 3700 arcu.
179 3646 210 3699 at
235 3637 345 3726 sagitta
373 3637 560 3729 plerumque
589 3639 627 3702 ab
657 3636 845 3725 imperatore
867 3633 1046 3699 donabatur
1054 3657 1070 3718 3·

72 3738 174 3803 securi
197 3751 304 3809 autem
319 3753 355 3804 et
376 3742 453 3831 falce
469 3744 661 3822 donabatur,
684 3739 859 3805 cumnulla
874 3762 941 3829 spes
956 3738 1063 3805 veniae

70 3842 237 3909 rebellibus
260 3844 502 3935 relinquebatur.
