2370 4334
402 240 541 306 Paulli.
565 238 659 305 oGas.
681 250 710 309 s.
959 202 1047 314 ¹m

121 394 189 482 dm
209 417 246 480 a
267 413 641 504 imperiosissimam
660 423 714 478 aa.
743 414 813 479 um
827 415 950 480 aarum
965 414 1049 496 ιιι.

28 519 214 586 11⁰¹th
232 530 330 584 curat.
374 519 437 583 Ubi
450 519 560 583 sedem
582 517 732 608 ligamus,
760 519 816 583 ubi
837 519 996 585 sistamus·
1004 518 1050 585 lo·

39 649 113 690 «aas
127 649 192 689 non
211 635 266 687 est.
308 622 471 712 Aufugera
488 616 563 686 ris?
585 645 648 711 quo
664 624 786 688 tandem
802 620 929 714 fugies?
957 623 1050 690 Gom

43 739 187 794 monost
206 727 350 816 sapientis
369 728 554 791 contendero
575 738 605 790 et
621 726 726 791 rixari.
772 729 849 800 Quis
870 730 993 793 tandem
1010 728 1050 794 ad

48 830 135 898 liaeo
154 831 236 896 mala
254 833 386 922 gradum
398 830 486 911 fecit,
509 841 540 896 et
557 853 619 921 quo
637 830 833 913 devenimus,
855 854 892 896 eo
908 832 1050 898 miserias

47 936 128 1027 (piis
145 936 229 1002 viam
245 930 403 1001 munivit?
714 1024 719 1031 Ι

124 1088 227 1158 Variis
247 1090 330 1159 curis
352 1092 480 1184 angitur
506 1103 536 1156 et
561 1091 719 1156 cruciatur
745 1070 886 1174 animus,
919 1092 1051 1185 patriam

61 1223 163 1263 meam
183 1197 338 1288 cogitans,
360 1196 424 1261 heu
442 1219 492 1260 mo
513 1193 690 1277 infelicem,
712 1196 768 1287 qui
782 1196 877 1265 vitam
898 1199 973 1287 ιᾶοο
993 1199 1051 1291 ,ιιιί-

62 1327 162 1368 seram
174 1302 265 1367 vivo!
289 1299 353 1373 Qui
368 1301 401 1365 in
418 1298 499 1375 coeli
509 1321 620 1390 graves
631 1298 692 1364 iras
707 1299 803 1367 incidi
811 1328 822 1386 3
844 1301 883 1367 ab
895 1325 1004 1393 occasu
1014 1305 1052 1371 ad

62 1418 177 1488 ortum,
201 1406 269 1495 quis
281 1403 403 1470 tandem
418 1403 535 1494 refugii
545 1390 658 1468 locus?
678 1402 746 1469 Ah!
768 1404 804 1469 in
817 1417 946 1496 quantas
963 1407 1051 1495 miss·

60 1511 121 1576 rias
131 1494 265 1579 deveni?
286 1506 416 1572 Limites
430 1506 529 1572 nostri
538 1506 572 1570 in
585 1507 707 1597 quantis
717 1508 866 1601 angustiis
875 1515 1052 1593 versanturl

124 1708 221 1773 Fiunt
248 1706 373 1797 quidem
393 1703 652 1788 consultationes,
684 1705 842 1775 cautiones
866 1707 1052 1777 adhibentur

61 1812 205 1902 quidem,
219 1813 288 1875 sed
306 1833 356 1874 res
377 1808 627 1900 imperiipejore
648 1810 684 1886 in
705 1810 767 1876 dies
789 1823 820 1876 et
842 1812 995 1878 deteriore
1010 1812 1052 1883 ,lit

60 1927 150 2005 statii
196 1913 280 1987 Quid
305 1913 460 2003 patiamur
481 1914 636 1995 moneris,
669 1913 739 2003 quis
761 1914 1004 2003 (praefectorum
1022 1928 1054 1983 at

60 2019 321 2110 magistratuum)
349 2016 506 2098 faciendus
531 2017 667 2099 delectus
692 2015 819 2083 doceris.
877 2016 956 2093 Quis
979 2042 1052 2109 casm

58 2122 183 2187 ferrum
200 2124 330 2186 candens
345 2145 441 2185 manu
451 2119 699 2210 apprehenderit,
720 2143 786 2186 non
798 2123 836 2187 ad
852 2146 965 2210 aquam
979 2148 1052 2212 pro·

60 2239 164 2316 perat,
188 2249 251 2317 quo
264 2250 393 2289 manum
403 2226 540 2289 adustam
557 2219 697 2311 injiciat?
719 2248 791 2289 cum
805 2249 912 2290 omnes
927 2229 965 2291 ad
979 2253 1053 2293 nau·

61 2330 202 2422 fragium
222 2329 362 2395 certatim
387 2339 502 2410 ruant,
528 2329 686 2418 quomodo
707 2328 798 2395 tantis
819 2329 909 2395 malis
937 2326 1053 2397 mederi

59 2429 216 2526 possunt?

429 2516 434 2567 ι
483 2525 639 2538 ........

76 2594 250 2662 Similes
269 2609 339 2662 sunt
354 2594 492 2677 homini,
505 2621 571 2687 qur
561 2588 715 2667 adverso
731 2608 823 2665 vento
841 2598 984 2664 incedens
1002 2598 1055 2666 ha·

62 2701 206 2765 litum'
176 2725 228 2765 vix
253 2698 375 2765 trahere
396 2706 505 2790 potest.
550 2698 584 2764 Si
603 2698 673 2789 quis
696 2682 823 2787 prodire
847 2700 921 2767 velit
949 2690 1054 2777 (malo

61 2803 236 2870 remedium
254 2803 402 2922 Ιιιιιιιιι),
423 2803 585 2868 frustra
556 2825 636 2885 mres
646 2801 836 2886 adhibes,
826 2807 974 2913 ιιιιιιιὶιιιιῐ
992 2833 1056 2874 οιιι-

61 2931 119 2973 nes
126 2955 136 2991 ,
158 2906 270 2982 (tantis
288 2886 376 2973 malis
396 2898 502 2972 nullus
520 2903 649 2972 remedii
668 2888 787 3007 locus).
830 2898 930 2974 Jam
922 2937 962 3002 ag
942 2913 1056 2978 oricul-

62 3020 154 3077 turae
179 3016 287 3102 (quam
305 3008 473 3101 regendo
463 3008 613 3101 imperio)
635 3033 763 3101 operam
787 3014 858 3077 dare
880 3014 1028 3080 melius
1009 3041 1056 3104 ιιι-
1078 3019 1081 3027 ’

62 3126 133 3202 vat5
156 3115 247 3180 satius
269 3127 328 3193 est,
357 3114 474 3180 victum
494 3137 566 3178 cum
589 3112 729 3207 agricola
753 3139 790 3180 ex
815 3141 893 3208 agro
918 3118 1056 3203 colendo,

63 3243 161 3338 quam
177 3242 195 3281 e
201 3216 375 3312 republica
397 3219 531 3283 curanda
552 3241 710 3336 quaerere
754 3221 952 3312 Agrorum
935 3220 1058 3287 cultura

63 3323 180 3411 jamin
199 3322 299 3412 pretio
319 3320 467 3471 habetur,
488 3322 649 3477 magisque
666 3320 784 3412 placet,
807 3347 862 3412 qui
852 3321 950 3388 inde
970 3349 1056 3415 para·

66 3439 123 3534 tur
139 3426 292 3493 vietusw

490 3521 644 3535 1.-

130 3624 263 3691 Caelum
286 3594 470 3693 calamitates
488 3568 598 3707 infert,
629 3623 756 3714 imperii
775 3619 946 3712 perniciem
967 3621 1056 3685 moli-
1072 3556 1132 3691 'lli

41 3744 137 3810 ·tur‚
168 3755 187 3794 a
209 3731 298 3794 nobis
324 3742 466 3796 evectum
492 3730 712 3820 imperatorem
740 3749 779 3791 ox
805 3725 892 3794 solio:
906 3727 1057 3805 denubit,
1154 3720 1159 3731 ⁴

68 3856 162 3924 agros
187 3844 308 3898 nostros
328 3833 454 3899 locustis
475 3834 525 3898 dat
548 3833 582 3898 in
608 3830 769 3922 praedam,
799 3830 918 3925 pallent
939 3829 1079 3917 ubique·
