2370 4334
21 312 24 319 .
143 253 206 315 10⁰
485 238 622 305 Pmut
646 240 718 306 Car.
735 252 765 311 t.

115 464 120 471 .
205 407 282 507 Ejus
303 413 420 480 larinas
439 411 580 479 homines
597 410 677 480 vafri
694 424 726 480 at
740 369 918 509 versipelles
934 420 1054 486 artibus
1071 421 1135 486 suis

141 521 217 590 allus
238 521 276 587 ad
293 516 452 611 angrutiu
463 518 611 609 adigunt,
632 520 788 587 bustorum
806 521 977 612 perniciem
996 520 1135 590 moliurr

124 639 209 711 stur,
230 648 352 716 semper
372 622 533 690 mendaces
553 623 619 690 sine
640 621 732 694 ruodo
749 623 952 710 deblaterant,
975 637 1007 693 et
1022 627 1137 719 nequit

33 751 38 764 “
141 732 201 800 tiso
225 752 335 817 eorum
357 738 493 794 nonest
518 725 608 815 finis,
644 727 670 794 si
693 741 796 798 tamen
820 751 871 797 eos
899 732 1022 814 audias,
1049 730 1136 797 nihil
1173 742 1175 744 ’

139 846 269 929 peccam
285 830 513 923 loquendo3‘in
531 854 569 925 eq
583 830 659 925 quid
679 829 772 917 mali,
800 830 958 926 inqrriunt.
1003 833 1135 931 Sapiens

139 938 343 1030 nusquitan
362 937 537 1003 institorem
557 960 676 1003 merces
697 960 766 1007 suas
800 937 897 1029 triplo
925 935 1039 1027 majori
1062 963 1133 1030 pra·

138 1043 185 1114 tio
198 1043 345 1123 vendere,
366 1043 420 1107 sad
429 1041 552 1130 aphris
565 1039 654 1106 lucra
666 1066 731 1107 non
747 1041 876 1134 ligurits
898 1067 970 1108 cum
989 1042 1133 1108 mulieris

137 1158 242 1241 partes
261 1148 325 1213 non
352 1144 414 1211 sint
437 1143 572 1235 publicis
599 1146 736 1236 negotiis
758 1169 884 1230 vacare,
920 1171 1006 1212 nunc
1028 1155 1133 1214 tamen

137 1252 253 1322 mulier
272 1251 437 1341 bombyces
458 1247 577 1332 alandi,
608 1249 701 1315 telam
726 1251 848 1316 texendi
874 1251 1043 1342 proprium
1065 1251 1133 1319 offi-

70 1366 72 1371 '
138 1357 225 1426 aium
243 1355 387 1423 desumit.
555 1447 711 1461 ἡ

141 1520 145 1532 ’
204 1527 288 1603 Quid
309 1536 371 1609 est,
394 1524 477 1616 quod
494 1524 616 1591 coelum
635 1521 670 1593 in
691 1550 748 1594 nos
767 1524 989 1594 animadvertat
1005 1527 1132 1610 acriter,

137 1635 221 1728 quod
249 1632 376 1723 spiritus
399 1630 433 1695 in
462 1653 519 1694 nos
545 1620 694 1695 beneficia
720 1642 850 1722 stupes
875 1655 940 1697 non
964 1628 1133 1699 conferat?

135 1702 263 1806 {cilicet
282 1732 335 1799 ille
355 1733 562 1823 (imperator)
582 1736 628 1799 ,de
651 1734 788 1824 pestibus
807 1735 953 1827 imperii,
990 1735 1132 1803 barbaris

137 1840 284 1937 gentibus
310 1838 361 1905 Ti
385 1836 474 1901 dictis
496 1833 577 1903 nihil
604 1849 700 1905 curat.
762 1838 818 1904 Me
856 1838 969 1931 (aequi
990 1841 1132 1934 bonique

136 1945 371 2019 consulentem)
393 1954 528 2007 semovet
547 1953 579 2006 et
602 1939 737 2024 fastidit,
767 1937 989 2009 calamitatibus
1016 1945 1131 2011 nostris

50 2114 54 2121 .
136 2046 217 2119 nihil
237 2059 393 2129 movetur,
415 2044 579 2134 majestatis
597 2045 703 2137 regiae
724 2057 769 2112 est
785 2043 967 2132 immemor,
988 2059 1131 2155 pereunt

57 2240 69 2255 ἃ
90 2208 108 2219 ..
136 2154 293 2239 homines,
316 2162 408 2243 atqua
426 2149 468 2216 ita
486 2147 552 2216 ruis
569 2146 746 2241 imperium·

556 2281 712 2292 ιιι-ι-

203 2336 233 2402 A
257 2333 344 2400 coelo
368 2328 536 2428 plectiruur
561 2339 592 2398 et
619 2328 804 2398 calamitates
831 2345 977 2425 tanquam
1000 2333 1130 2398 totidem

136 2442 231 2523 retia,
252 2440 335 2506 unda
353 2463 417 2503 non
432 2448 482 2529 est,
494 2431 664 2527 effir'gium,
687 2461 742 2502 nos
759 2437 897 2529 undique
917 2437 1127 2506 circumstant

29 2603 32 2613 .
138 2546 255 2633 Omnes
272 2552 407 2632 pereunt
428 2551 459 2604 et
478 2538 512 2605 in
525 2539 613 2604 luctu
631 2536 797 2605 tabescunt.
821 2539 981 2628 Malorum
997 2539 1127 2633 laqueis,

137 2648 250 2744 quibus
270 2671 289 2710 a
302 2643 390 2711 coelo
405 2639 597 2734 premimur,
618 2643 778 2710 constricti
791 2642 950 2727 tenemur,
973 2643 1127 2736 instatque

137 2748 310 2819 communis
336 2749 479 2814 omnium
505 2746 613 2812 exitus.
672 2745 816 2830 Pereunt¹
831 2747 970 2813 homines
982 2770 993 2834 3
1020 2761 1058 2814 et
1071 2770 1127 2816 nos

137 2853 244 2922 miseri
263 2852 418 2945 lugemus.

200 3027 308 3120 Aquae
327 3023 526 3090 scaturientes
539 3047 655 3114 magno
672 2986 810 3114 impetu,
833 3048 894 3114 qua
910 3034 994 3114 patet
1017 3024 1127 3107 aditus,

137 3141 310 3224 erumpunt
328 3140 359 3194 et
374 3128 408 3195 in
427 3127 526 3193 altum
550 3128 711 3219 gurgitem
730 3128 841 3193 fluunt.
885 3127 1017 3192 Animus
1038 3130 1146 3210 meus⁴

138 3242 173 3307 in
191 3236 345 3306 malorum
359 3222 510 3325 ¹voragine
534 3233 685 3299 fluctuans
709 3255 851 3309 moerore
874 3228 1074 3324 confligitur,
1098 3244 1129 3297 et

55 3414 56 3417 ,
137 3344 224 3438 quasi
243 3338 365 3408 diffluit.
409 3338 480 3432 Nou
498 3358 604 3401 recens
623 3349 668 3402 est
683 3335 785 3402 luctus
803 3347 925 3418 noster,
947 3359 1013 3401 non
1033 3335 1127 3402 hodie

137 3446 254 3538 incepit
281 3464 382 3536 neque
414 3437 505 3505 hodie
532 3435 679 3524 finiemr3
718 3464 809 3504 ame
833 3437 968 3528 incepit,
1002 3462 1127 3505 mecum

137 3549 275 3721 ffiemr.
318 3550 498 3640 Augustum
519 3541 660 3626 coelum,
689 3540 886 3610 inscrutabile
909 3542 1047 3625 coelum,
1071 3567 1126 3609 nos

190 3664 273 3718 antes
290 3651 435 3744 equidem
453 3646 634 3738 confitentes
651 3660 761 3741 potest.
796 3647 856 3727 Sed
869 3658 905 3712 tu
920 3645 1126 3738 (imperator)
1149 3680 1152 3685 ¹

138 3758 205 3826 noli
221 3756 389 3845 majoribus
408 3753 469 3822 tuis
487 3777 551 3824 esse
570 3752 729 3833 dedecori,
751 3751 803 3825 ‚sic
825 3763 951 3842 nepotes
973 3762 1043 3817 tuos
1066 3773 1125 3818 ser

134 3861 222 3932 rabis
242 3858 421 3926 incolumes.
523 3847 526 3856 ’
654 3843 669 3858 ”
736 3845 740 3851 ’
