2370 4334
71 192 74 200 .
147 149 187 212 ee
340 146 344 161 ²
502 143 576 207 rm
594 98 619 206 1}
646 142 718 209 cn.
739 155 768 212 ι.

93 344 97 353 ·
152 380 156 387 ,
208 314 255 381 Ex
278 315 359 405 pelle
385 314 502 405 agnini
530 315 652 379 tranioae
672 314 785 380 limbus
801 327 847 381 est
864 339 903 379 ex
927 316 1010 407 pelle
1031 318 1136 407 perdi,

145 432 239 511 (quae
254 419 374 507 lpellua)
398 419 563 508 inprimis
588 419 675 483 seror
699 431 730 483 et
751 420 869 484 viribus
886 432 1028 510 praestat.
1076 419 1137 489 Vir

145 524 200 588 ille
221 523 314 614 regni
330 522 527 604 administer,
551 521 644 612 aequi
661 513 956 590 obserimtissimua.

204 627 252 691 Ex
272 626 356 718 pelle
373 626 489 717 agnini
507 627 673 692 conficitur
688 652 768 692 nova
787 639 876 718 toga,
898 641 930 694 et
947 628 1069 718 triplici
1089 654 1136 697 aa·

143 731 210 796 rico
226 756 320 822 quam
343 731 425 796 belle
444 731 587 797 distincta
605 735 668 796 est!
704 731 763 795 Vir
785 731 839 796 ille
862 743 908 798 est
928 732 1020 824 regni
1038 736 1135 801 &oua

144 847 176 901 et
196 847 443 901 ammentum·
887 910 890 915 Α

548 921 654 987 Ode
700 921 792 1016 791⁴.
858 966 861 971 -

205 1045 359 1135 Magnam
379 1067 492 1134 sequor
513 1043 597 1108 viam
617 1045 727 1108 eundo.
772 1044 841 1108 Viri
863 1044 1016 1110 manicam
1037 1045 1137 1113 vestis

143 1149 278 1239 arripio,
301 1172 402 1238 neque
418 1173 434 1213 e
450 1146 592 1213 manibus
603 1149 684 1213 elabi
697 1149 809 1240 patior.
833 1148 907 1215 Noli
922 1175 940 1214 a
956 1173 1007 1215 me
1023 1172 1136 1240 aretae

143 1253 326 1320 esea-animo
339 1264 371 1318 et
384 1252 515 1342 pristina
526 1251 592 1350 noli
604 1252 777 1344 negligere.

207 1358 340 1448 Regiam
360 1380 472 1447 sequor
489 1356 573 1422 riam
592 1358 711 1439 eundo,
732 1369 764 1422 et
779 1357 840 1422 viri
858 1381 985 1423 manum
1001 1358 1135 1447 arripio.

142 1461 215 1529 Noli
231 1461 308 1527 mibi
330 1460 451 1526 infenso
469 1484 532 1527 esse
548 1461 651 1526 animo
672 1474 703 1528 et
720 1461 888 1527 amicitiam
902 1460 969 1526 noli
986 1460 1133 1549 abjicere.

550 1565 655 1631 Ode
698 1568 729 1632 ll
751 1544 812 1654 Μ,
1175 1548 1179 1565 ⁵

206 1666 313 1735 Gallus
330 1668 481 1751 cantavit,
501 1668 544 1733 ait
558 1668 682 1733 mulier.
726 1669 785 1733 Vir
802 1681 924 1752 autam,
947 1666 1119 1753 adhuo,1n
1086 1670 1094 1685 '
1119 1708 1131 1720 ·

141 1772 228 1866 qtrit,
250 1785 322 1838 sunt
340 1771 494 1856 tenebrae,
517 1773 651 1838 neudum
671 1773 776 1839 illuxit
792 1774 866 1840 dies.
911 1773 1014 1864 Surge
1031 1783 1064 1839 et
1085 1774 1133 1839 ito

20 1948 24 1957 ,
141 1879 264 1945 eoelum
283 1876 508 1968 exploraturus
552 1878 621 1942 Jam
643 1888 729 1942 ortus
751 1891 795 1943 est
811 1877 950 1971 Lucifer.
983 1877 1132 1943 Abeundi

141 1995 263 2073 tempus
283 1984 393 2064 instat,
420 1981 553 2047 abeundi
575 1994 697 2072 tempus
720 1983 835 2069 instat3
864 1985 916 2048 sed
940 1981 1131 2058 (abeundo)

140 2110 261 2154 anseres
280 2099 312 2153 et
330 2070 433 2152 anates
453 2085 572 2176 sagittis
588 2086 753 2151 confodito.

202 2191 337 2283 Sagittes
355 2203 422 2257 tuas
442 2190 580 2274 emisisti,
600 2215 659 2256 nee
679 2190 882 2257 frustraneo
872 2202 954 2272 retu,
976 2202 1007 2255 et
1023 2214 1075 2256 ree
1092 2215 1130 2257 ex

139 2306 213 2363 roto
238 2296 391 2362 successit
440 2295 559 2362 Vinum
577 2295 718 2360 bibamus
739 2307 771 2361 et
795 2320 859 2361 una
885 2294 980 2360 simul
997 2320 1130 2386 agamus

139 2410 259 2464 nostros
285 2399 366 2464 vitae
387 2399 460 2463 dies.
504 2399 539 2462 Si
562 2384 672 2464 fidium
699 2400 772 2464 ltin
792 2412 824 2463 ot
841 2398 917 2464 cho
941 2399 1060 2464 musica
1082 2402 1129 2466 in-

138 2513 311 2569 strumenta
326 2502 523 2584 concordant,
541 2502 622 2567 nihil
639 2501 779 2592 proferto
797 2502 921 2585 dissoni,
942 2502 1023 2568 nihil
1044 2506 1130 2592 quod

137 2606 265 2673 auribus
280 2607 383 2671 minus
399 2606 539 2671 arrideat.
621 2664 623 2669 .
709 2634 712 2641 ·

179 2706 317 2777 'Amicis
338 2710 401 2776 tuis
419 2709 615 2778 venientibus
636 2734 774 2802 gemmas
798 2712 924 2794 offerto,
955 2735 1030 2802 qaras
1051 2709 1129 2777 hino
1165 2752 1171 2765 ,

140 2814 211 2879 inde
232 2836 329 2882 zonae
349 2814 496 2904 appinsas
514 2828 635 2905 gerant.
685 2814 850 2880 Benevolis
870 2814 977 2880 amicis
1000 2815 1062 2881 tuis
1082 2839 1129 2879 sa-

137 2917 238 2984 lutem
252 2919 307 3001 da,
330 2941 383 2983 eos
401 2919 552 3005 ejusmodi
567 2919 699 3010 gemmis
714 2919 878 3009 excipiens.
912 2918 1031 2984 intimis
1050 2919 1128 2983 ami-
1175 2968 1179 2975 .

136 3023 182 3091 eia
196 3021 258 3090 tuis
271 3020 326 3088 has
340 3044 479 3114 gennuae
492 3025 623 3089 offerens
641 3026 777 3116 repende
794 3023 935 3115 gratiam.

544 3128 653 3194 Ode
695 3151 726 3216 9.
774 3137 804 3204 ς.

130 3217 133 3222 ’
200 3230 325 3299 Mulier
341 3232 449 3297 eodem
466 3254 564 3296 curru
577 3231 711 3300 vehitur.
739 3143 836 3322 lpisius
853 3229 916 3297 oris
939 3227 1126 3297 aolorfloris

137 3358 232 3424 quem
247 3333 309 3401 sert
322 3335 415 3400 arbor
436 3333 549 3401 Chun
563 3335 700 3401 colorem
712 3336 863 3407 imitatur.
883 3336 956 3401 Sese
971 3337 1126 3402 movendo

136 3442 333 3529 genaunorum
359 3451 392 3505 et
414 3440 570 3506 uniorrum
596 3464 691 3505 zonae
720 3463 928 3532 appensorum
957 3439 1126 3528 strepitum

114 3622 121 3639 '-
136 3543 207 3607 oiet.
249 3541 305 3607 llle
330 3553 377 3607 est
393 3556 522 3609 venusta
546 3546 686 3635 Mong-
675 3543 803 3628 -ltian,
834 3543 1092 3657 pulehritudine
1093 3556 1127 3610 et

136 3645 200 3712 oris
218 3645 369 3736 dignitate
388 3661 554 3736 praestans
620 3718 627 3733 x

200 3748 322 3817 Mulier
352 3750 433 3819 idem
462 3752 570 3844 pergit
591 3727 806 3842 rter31psius
830 3752 893 3819 oris
920 3750 1008 3818 oolar
1036 3751 1124 3818 floris
