2370 4334
415 173 718 273 Ιίιοιιιιοοιιιιιιιι.Ι
1013 202 1059 253 xr

65 351 240 449 bagihus,
247 360 297 423 ot
317 373 452 422 vocum
486 354 578 445 rago
613 360 649 421 et
681 349 824 439 incerto
859 372 967 422 sensu
1001 376 1057 425 ca·

65 470 166 546 reat,
203 455 285 552 ejus
319 454 492 550 linguae
503 455 655 526 seientia
684 478 818 576 magno
853 454 949 552 milri
986 452 1057 528 tuit

68 561 289 660 adjumento
317 558 365 631 ad
391 569 510 632 textus
537 559 649 633 Sinicl
675 558 882 657 genuinum
908 584 1059 671 ιιιιιιιιιι

65 666 291 739 eruendum.
375 714 378 721 ‚

142 772 330 840 Hactenus
347 794 421 863 qur
401 768 544 842 libros
560 767 731 840 Sirenses
742 768 862 864 patrio
879 766 1057 843 idiomate

65 846 334 962 reddiderunt,
378 871 552 944 nonnulli
592 873 706 945 rerba
745 873 957 968 interpretis
1003 873 1058 946 Si·

65 981 188 1051 nensis
215 977 373 1074 propria
398 977 483 1073 ipso
509 989 611 1050 textu
637 977 916 1068 confundentes,
943 976 1057 1051 inter·

64 1084 311 1179 pretationem
334 1082 462 1153 minus
481 1082 664 1154 sinceram
681 1082 926 1177 scripserunt,
955 1083 1058 1179 quod

64 1214 137 1283 ego
164 1189 280 1273 vitare
308 1186 451 1276 studui3
467 1227 470 1231 ·
489 1199 526 1258 ot
550 1187 582 1279 si
608 1186 650 1256 in
679 1199 849 1261 contextu
876 1187 1057 1283 interpre

63 1293 215 1365 tationis
242 1290 389 1386 aliquid
416 1290 514 1362 addo
541 1291 643 1387 quod
668 1290 710 1361 in
728 1302 829 1363 textu
848 1291 969 1362 Sinico
988 1291 1058 1362 mi·

65 1422 136 1468 nus
164 1395 426 1490 reperiatur,
411 1395 508 1465 illud
524 1396 620 1467 intra
639 1396 728 1466 duas
753 1396 985 1490 parentheses
1006 1408 1057 1478 ()

64 1500 241 1588 includo,
268 1524 360 1595 quas
388 1500 453 1596 qui
478 1499 631 1588 rideris,
663 1525 740 1571 non
768 1512 844 1570 tam
870 1524 953 1570 mea
979 1523 1056 1570 esse

63 1605 175 1677 rerba
200 1603 402 1710 judicabit,
430 1630 552 1701 quam
569 1601 778 1699 interpretis
803 1603 987 1695 Sinonsis,
1015 1615 1057 1675 ut

65 1709 249 1809 sermonis
281 1733 411 1781 sensus
443 1710 558 1805 magis
585 1707 813 1801 elucidetur3
851 1733 920 1804 ego
954 1708 1057 1779 enini

62 1815 117 1885 ita
138 1813 256 1884 textui
282 1813 431 1884 adhaesi
459 1825 500 1884 ut
525 1813 724 1887 maluerim
743 1837 819 1884 esso
835 1812 998 1883 insuavis
1020 1825 1074 1899 at„

65 1920 269 2008 obscurus,
306 1943 419 2012 quam
455 1918 582 1989 minus
608 1918 728 1988 fidelis
754 1918 951 2011 interpres.
988 1917 1056 1987 ita·
1174 1982 1176 1987 .

65 2048 137 2118 qua
164 2022 305 2094 librum
332 2022 576 2120 Chi-king,
603 2023 698 2122 illud
726 2021 956 2119 antiquitatis
976 2046 1055 2092 mo·

63 2138 307 2216 numentum,
335 2126 541 2223 genuinum
569 2136 607 2200 et
630 2126 819 2215 nativum,
843 2127 948 2197 nullo
967 2126 1053 2198 fuco

62 2232 228 2320 illitum,
254 2232 292 2303 in
318 2232 509 2328 Europam
537 2231 759 2305 transmitto,

218 2416 317 2475 cram
344 2392 561 2476 our-'mna
582 2385 708 2475 anaus‘
734 2415 889 2474 norun.

140 2549 200 2619 De
217 2547 316 2620 libro
344 2549 571 2644 chi-king
593 2548 634 2621 in
652 2560 807 2645 utraque
825 2546 1053 2644 praefatione

62 2653 105 2722 in
133 2674 266 2748 genero
293 2651 435 2726 dictum
456 2665 530 2746 est3
557 2651 634 2751 jam
654 2652 848 2724 decadem
868 2654 1052 2748 sigillatim

65 2757 207 2852 aliquid
234 2758 445 2829 dicendum.
499 2758 614 2834 Liber
632 2759 699 2830 ille
718 2769 772 2828 est
777 2759 960 2853 collectio
979 2785 1052 2829 car-

63 2862 213 2932 minum
248 2862 488 2957 antiquorum
524 2887 547 2932 a
583 2861 760 2935 Coniucio
795 2862 908 2953 sacta,
956 2889 1052 2960 quae

50 2978 227 3062 quatuor
254 2967 417 3061 partibus
445 2977 594 3050 constat.¹
649 2967 775 3038 Prima
795 2992 882 3061 pars
908 2970 1052 3040 Roua-

59 3071 194 3166 song
205 3070 320 3160 diota,
343 3081 450 3159 ,sunt
475 3072 702 3160 cantilenae,
738 3097 758 3143 a
784 3072 895 3167 vulgo
922 3066 1052 3145 dedan·

62 3186 135 3247 tata
163 3177 345 3263 carmina,
379 3199 474 3273 quae
500 3176 738 3271 imperatores
765 3175 835 3247 sibi
865 3177 975 3251 tradi
991 3202 1052 3247 cu·
1132 3228 1135 3237 .

62 3280 213 3368 rabant,
241 3281 401 3353 maximo
430 3305 516 3351 cum
540 3280 745 3375 imperium
764 3279 1051 3376 perlustrabant,

63 3397 105 3455 ut
136 3410 180 3456 ex
217 3385 262 3454 iis
300 3385 549 3480 dignoscerent
587 3385 707 3456 varios
751 3385 959 3488 rariorum*
983 3391 1048 3482 qui
1140 3382 1143 3392 ’

62 3514 129 3559 suo
155 3491 345 3583 parebant
376 3490 537 3583 imperio
575 3513 779 3584 regnorum
815 3513 963 3580 mores,
1009 3502 1051 3562 ut

62 3619 193 3687 pravos
227 3595 472 3690 corrigerent,
518 3594 639 3665 bonos
682 3605 803 3664 autern
827 3593 1048 3665 laudarent

63 3699 286 3793 Regnorum
314 3700 549 3794 singulorum
578 3699 714 3794 singuli
751 3723 857 3794 reges
891 3699 967 3770 sire
995 3725 1050 3773 re·

61 3804 163 3896 guli,
205 3828 298 3898 quae
325 3804 366 3873 in
393 3830 459 3875 sua
486 3804 626 3874 ditione
660 3802 798 3896 passim
828 3805 1050 3874 canebantur

1105 173 1113 211 Ι
