2370 4334
143 258 206 320 10⁰
485 245 563 310 Pam
575 244 622 309 lll.
646 245 718 311 Car.
735 257 764 316 5.

116 470 119 475 -
205 422 282 512 Ejus
303 419 420 485 sariaco
439 415 580 484 homines
597 415 677 485 vafri
694 429 726 485 et
740 420 918 515 versipelles
934 426 1055 492 artibus
1071 427 1135 492 suis

141 526 217 595 alios
238 526 276 592 ad
293 521 452 616 angentia
463 523 611 614 adigunt,
632 525 788 592 bonorum
806 527 977 618 perniciem
996 526 1136 596 moliun-

124 644 209 714 Μ,
230 653 352 721 semper
372 627 532 695 mendaces
553 629 620 694 sine
640 624 732 699 modo
749 629 952 716 deblaterant,
975 643 1007 698 et
1022 633 1136 725 nequi:

32 758 36 765 ‘
141 737 201 805 tiae
225 757 335 800 eorum
357 756 422 799 non
447 743 493 799 eat
517 731 608 820 linis3
644 733 670 800 si
693 746 796 803 umen
820 757 871 802 eos
899 738 1022 820 audies,
1049 736 1136 803 nihil

139 851 269 934 pauent
285 835 513 928 loquendo3‘in
531 861 569 929 eo
583 835 659 930 quid
679 835 772 923 mali,
800 835 958 932 inquiunt.
1003 839 1135 937 Sapiens

138 945 198 1012 scit
217 943 343 1035 quidem
362 942 537 1008 institorem
557 966 676 1008 merces
697 966 766 1013 suas
800 943 896 1035 triplo
925 942 1039 1033 majori
1062 969 1133 1036 pre·

137 1048 185 1119 tio
198 1048 345 1130 vendere,
365 1048 419 1112 sed
429 1046 552 1136 sepiens
565 1045 654 1112 lucra
666 1071 731 1112 non
747 1047 875 1140 ligurits
898 1073 970 1114 curn
989 1048 1133 1115 mulieris

137 1163 241 1246 partes
261 1153 325 1217 non
352 1150 413 1217 sint
437 1149 572 1241 publicis
599 1152 735 1242 negotiis
758 1174 884 1235 vacare,
920 1177 1006 1218 nunc
1028 1161 1133 1220 umen

136 1257 253 1327 mulier
271 1255 437 1346 bombyces
458 1253 577 1338 alendi,
608 1255 700 1320 telam
726 1257 847 1322 texendi
874 1257 1043 1348 proprium
1065 1257 1132 1325 olla

69 1371 72 1376 ’
138 1360 386 1431 eundemne

140 1526 144 1533 ¹
204 1532 288 1608 Quid
309 1541 370 1614 est,
393 1530 477 1622 quod
494 1530 616 1597 coelum
634 1527 669 1599 in
691 1556 747 1597 nos
767 1530 988 1600 animadvertat
1005 1534 1133 1617 acriter,

137 1640 220 1733 quod
249 1637 375 1728 spiritus
399 1635 432 1700 in
462 1659 519 1700 nos
545 1635 694 1701 beneficia
720 1648 750 1702 et
769 1661 849 1728 opes
876 1661 940 1703 non
963 1634 1133 1705 conferat?

134 1707 262 1811 Scilicet
281 1737 334 1804 ille
354 1739 561 1828 (imperator)
589 1741 627 1806 de
651 1740 787 1830 pestibus
807 1741 953 1833 imperii,
990 1741 1132 1809 barbaris

137 1845 283 1942 gentibus
310 1842 360 1910 Ti
385 1842 474 1908 dictis
495 1839 576 1909 nihil
603 1855 699 1910 nnat.
762 1844 818 1910 Me
855 1843 1132 1940 (aequibonique

135 1950 370 2024 consulentem)
393 1958 527 2012 semovet
547 1959 578 2012 et
602 1945 736 2028 fastidit,
766 1946 989 2016 calamitatibus
1017 1951 1131 2018 nostris

49 2119 53 2127 .
136 2052 216 2125 nihil
236 2064 393 2134 movetur,
415 2049 579 2140 majestatis
597 2051 702 2143 regies
724 2063 768 2119 est
784 2049 949 2120 immemor
955 2099 967 2138 ,
987 2066 1130 2161 pereunt

57 2246 68 2260 q
89 2213 107 2224 ..
135 2159 292 2244 homines,
315 2168 408 2249 atque
426 2153 468 2221 ite
486 2152 551 2221 nait
568 2152 746 2246 imperium.

555 2286 711 2298 ...ι-

202 2341 233 2408 Α
256 2338 343 2406 coelo
367 2334 535 2434 plectimur
560 2345 592 2404 et
619 2334 804 2404 calamitates
831 2351 976 2431 tanquam
999 2339 1128 2405 totidem

136 2447 214 2517 retia
219 2495 230 2528 ,
251 2445 335 2512 unde
352 2467 417 2508 non
431 2436 663 2533 ostellagium,
686 2466 741 2508 nos
758 2443 896 2535 undique
915 2443 1126 2513 circumstant.

28 2608 32 2617 .
137 2551 254 2619 Omnes
271 2557 407 2638 pereunt
427 2557 458 2609 et
477 2543 511 2610 in
525 2544 613 2610 luctu
630 2541 797 2611 tabescunt.
821 2546 980 2612 Malorum
996 2546 1125 2639 laqueis,

136 2653 249 2749 quibus
269 2677 288 2716 a
302 2647 389 2716 coelo
404 2644 597 2740 premimur,
618 2649 777 2715 constricti
791 2649 949 2732 tenemur,
972 2650 1125 2743 instatque

136 2754 309 2824 communis
335 2754 478 2819 omnium
504 2753 612 2818 exitus.
671 2751 815 2834 Pereunt¹
831 2753 992 2840 homines,
1020 2767 1058 2820 et
1070 2776 1125 2822 nos

136 2858 243 2927 miseri
262 2859 417 2951 lugemus.

199 3032 307 3125 Aq'uae
326 3029 525 3096 sceturieutes
539 3053 655 3120 magno
672 3024 809 3120 impetu,
832 3053 893 3120 qtra
909 3040 993 3120 patet
1016 3030 1126 3113 aditus,

136 3146 309 3229 erumpunt
327 3133 407 3200 etin
427 3133 525 3199 alturn
549 3134 710 3225 gurgitem
729 3134 841 3199 fluunt.
884 3133 1017 3199 Animus
1038 3136 1126 3210 meus

137 3247 172 3313 in
190 3240 345 3312 malorum
358 3237 509 3331 ¹voragine
533 3238 684 3304 fluctuans
708 3261 850 3315 moerore
874 3234 1072 3330 confligitur,
1096 3250 1127 3303 et

137 3350 223 3442 quasi
242 3343 364 3413 diffluit
408 3344 479 3410 Non
498 3363 603 3406 recens
622 3354 667 3407 est
682 3340 784 3407 luctus
803 3351 924 3424 noster,
946 3365 1012 3407 non
1032 3341 1125 3408 hodie

136 3451 253 3543 incepit
280 3470 381 3541 neque
413 3443 504 3511 hodie
531 3441 678 3530 finietur,
717 3471 737 3511 a
759 3469 809 3509 me
832 3443 967 3534 incepit,
1001 3469 1125 3511 mecum

136 3554 274 3726 ffietur.
317 3555 497 3645 Augustum
518 3546 659 3631 coelum,
688 3546 886 3616 inscrutabile
908 3548 1046 3631 coelum,
1069 3573 1124 3615 nos

189 3669 272 3724 antes
290 3656 434 3749 eqaridern
452 3651 633 3745 confirmate
650 3665 760 3746 potest.
796 3653 855 3733 Sed
869 3666 904 3718 tu
919 3651 1124 3744 (imperator)

137 3763 204 3832 noli
220 3761 389 3850 majoribus
407 3759 468 3827 tuis
486 3782 550 3829 esse
570 3758 728 3858 dedecori,
751 3757 802 3830 ¹sic
824 3769 950 3848 nepotes
972 3768 1042 3823 tuos
1064 3779 1123 3823 ser-

132 3868 221 3938 uabis
241 3863 421 3931 incolumes.
664 3856 668 3864 ⁴
736 3851 738 3857 ’
824 3852 826 3854 ’
